4484 5850
1445 253 1484 311 1
1567 251 1609 311 z

1442 254 1620 429 i.7e.
1700 341 2164 431 Menander
2228 342 2625 458 Diopithi
2707 342 2917 428 filius
3000 338 3550 456 Cephefienlis
3624 362 3864 425 natus
3924 336 4032 423 est

1329 463 1761 547 Archonte
1812 464 2233 580 Sofigene,
2276 466 2487 548 obiit
2537 490 2846 546 annum
2883 490 3128 575 agens
3169 466 3342 543 LII.
3389 459 3816 543 Archonte
3852 458 4037 540 Phi-

1330 579 1562 694 lippo
1614 640 1641 688 ,
1722 608 1942 665 anno
1993 585 2325 664 XXXII.
2394 581 2808 665 Ptolemaei
2856 581 3161 663 Soteris
3215 580 3494 693 regni.
3876 664 3881 669 ,

1453 697 1917 782 Menander
1993 701 2273 812 itaque
2322 698 2768 812 Diopithi,
2822 697 2899 778 8(
2963 692 3546 810 Hegesistrates
3608 690 3812 775 filius
3848 749 3876 796 ‚
3949 714 4042 772 ut

1329 814 1611 898 Suidas
1679 816 1849 922 ait,
1926 814 2342 928 Cephesiae
2399 817 2482 899 in
2555 813 2857 927 oppido
2923 815 3222 896 Atticae
3290 814 3690 925 quinque,
3740 808 3869 893 vel
3925 805 4051 888 sex

1330 930 1691 1044 passuum
1753 932 2113 1016 millibus
2176 933 2534 1016 Athenis
2579 929 2837 1015 dissito
2891 955 3128 1014 natus
3177 928 3339 1035 est,
3390 928 3818 1012 Archonte
3864 921 4053 1007 Soli·

1331 1077 1593 1163 gene,
1644 1077 1864 1133 anno
1915 1050 2309 1133 nimirum
2382 1052 2635 1134 tertio
2705 1048 3226 1160 Olympiadis
3268 1051 3546 1153 CIX„
3612 1044 3817 1130 obiit
3858 1070 4056 1125 vero

855 1159 1316 1302 }fflchfg‘ssjlssgss
1338 1195 1556 1250 anno
1626 1169 1887 1252 aetatis
1954 1165 2100 1249 suae
2146 1162 2258 1279 (e)
2333 1171 2511 1250 LII.
2578 1161 3132 1280 (quanquam
3199 1166 3340 1249 alii
3387 1158 4052 1277 quinquagesimo

854 1304 1307 1374 σίταπϊοῑιιπρ.
1341 1309 1759 1368 mortuum
1854 1279 2204 1396 velint)
2273 1288 2551 1368 tertio⁴
2606 1282 3126 1395 Olympiadis
3208 1283 3559 1365 CXXII.
3608 1340 3633 1385 ,
3704 1280 4056 1362 XXXII.

867 1395 988 1433 ¹²²·
1341 1400 1755 1484 Ptolemae'i
1821 1402 2124 1485 Soteris
2174 1404 2408 1516 regni
2461 1460 2491 1507 ,
2552 1399 2605 1481 fi
2666 1398 3017 1513 superius
3070 1398 3341 1482 allatae
3408 1393 3916 1509 inscriptioni
3977 1390 4063 1474 fi-

1340 1516 1477 1601 des
1535 1515 1644 1600 est
1691 1518 2067 1602 habenda
2124 1577 2152 1624 ‚
2230 1546 2479 1631 quam
2543 1516 2918 1601 nonnulli
2977 1512 3441 1599 mendosam
3496 1537 4056 1628 putant,cum

1340 1662 1598 1717 annus
1700 1635 2113 1719 Ptolemaei
2220 1639 2454 1750 regni
2526 1633 2977 1749 trigesimus
3059 1631 3435 1717 secundus
3516 1630 3742 1741 juxta
3827 1628 4059 1732 illos,
4134 1667 4139 1670 ’

1341 1750 2008 1867 quinquagesimo
2067 1751 2409 1837 secundo
2480 1750 2742 1837 aetatis
2805 1751 3251 1837 Menandri
3313 1777 3478 1833 non
3525 1743 4064 1862 respondeat,

867 1915 974 2000 tsi
1015 1917 1305 1987 Mmrssum
1348 1897 1496 1953 nec
1558 1894 1957 1985 congruat
2001 1865 2204 1984 (f).
2504 1870 2529 1900 ¹

865 2000 994 2113 γ’ὼ
1032 1990 1097 2114 {f
1147 1989 1304 2115 {⁷24⁷-
1467 1991 1960 2100 Praeceptore
2006 1986 2181 2083 usus
2233 1985 2343 2071 est
2398 1983 3015 2100 Theophrasto,
3078 2010 3170 2070 ut
3232 2013 3333 2069 ex
3391 1986 3772 2098 Diogene
3819 1984 4073 2063 Laer-

863 2080 1320 2200 ιὲηῗὲᾼοῖοὲωζῖ
1357 2104 1475 2188 tio
1550 2107 1638 2187 in
1702 2104 1930 2214 hujus
2001 2103 2473 2218 Philosophi
2559 2108 2738 2189 vita
2816 2105 3320 2218 perspicuum
3401 2099 3511 2183 est
3557 2160 3578 2183 .
3685 2096 4075 2184 Versatus

998 2207 1091 2259 ‘⁶
1353 2224 1604 2305 etiam
1656 2221 1768 2305 est
1830 2250 2012 2305 cum
2090 2220 2441 2306 Alexide
2484 2225 2831 2307 Comico
2904 2226 3157 2304 Poeta
3193 2281 3218 2327 ,
3284 2221 3383 2304 ab
3446 2246 3700 2330 eoque
3760 2214 4075 2298 fabulas

1354 2368 1841 2451 componere
1898 2340 2239 2447 didicit,
2312 2363 2405 2423 ut
2454 2341 2539 2422 in
2601 2339 3213 2453 Prolegomenis
3279 2336 3606 2448 antiqui
3668 2331 4073 2442 cujusdam

1353 2452 1796 2540 scholiastis
1844 2459 1930 2539 in
1971 2454 2547 2570 Aristophanis
2596 2454 3036 2540 comoedias
3081 2450 3379 2570 legit'ur
3418 2513 3438 2534 .
3505 2453 3647 2535 Ab
3689 2450 4073 2566 AEgypti‚

1353 2573 1431 2652 8<
1513 2573 2018 2657 Macedoniae
2094 2575 2452 2686 Regibus
2525 2601 2671 2686 per
2751 2574 3056 2688 legatos
3147 2573 3445 2687 petitus
3516 2569 3672 2652 filit
3754 2567 4077 2651 auelore

879 2683 1324 2812 &sym-ch}
1368 2687 1635 2770 Plinio
1681 2746 1703 2769 .
1769 2684 1891 2801 (g)
1954 2687 2363 2796 Majorem
2434 2691 2969 2773 nihilominus
3045 2687 3508 2774 consecutus
3560 2683 3668 2770 est
3729 2687 4082 2800 gloriam

978 2796 994 2810 ’
1053 2774 1151 2825 '⁷‘
1201 2778 1263 2825 '³
1311 2796 1326 2812 ’
1368 2833 1416 2888 a
1477 2801 1808 2914 posteris
1856 2803 2023 2917 post
2088 2806 2458 2911 obitum,
2503 2833 2757 2919 quarn
2827 2834 2874 2891 a
2937 2807 3460 2921 popularibus
3528 2804 3681 2889 suis
3716 2804 3914 2888 dum
3961 2802 4083 2887 vi-

1382 2946 1670 3005 veret:
1733 2922 2267 3035 quamobrem
2325 2922 2746 3010 Martialis
2792 2983 2815 3006 .
3412 2951 3445 2960 ··

1603 3162 1831 3242 Rara
1897 3185 2244 3245 coronato
2292 3156 2640 3277 plausere
2712 3159 3019 3245 theatra
3077 3157 3509 3247 Menandro
3531 3219 3555 3242 .

1155 3505 1168 3514 ·
1481 3394 1748 3480 Subiit
1807 3397 2063 3481 etiarn
2119 3397 2578 3506 multorum
2646 3399 3103 3506 invidiam,
3194 3398 3272 3479 &
3337 3394 3843 3481 Philemonis
3901 3420 4095 3506 prae·

886 3559 978 3628 m
1015 3557 1295 3613 Athena,
1368 3512 1599 3623 cipue
1650 3515 1977 3595 Comici
2041 3518 2355 3626 pariter
2408 3513 2931 3599 Atheniensis
2980 3577 3006 3622 ,
3065 3517 3209 3631 qui
3270 3518 3521 3620 variis
3571 3542 3756 3597 eum
3800 3509 4092 3596 laceffi·

949 3625 1299 3769 3²22?ssssss
1375 3631 1545 3734 vit,
1604 3628 1681 3708 8<
1715 3629 2048 3712 viciffim
2084 3632 2187 3715 ab
2235 3661 2331 3715 eo
2382 3634 2684 3743 petitus
2729 3631 2836 3715 est
2888 3632 3249 3716 'dieteriis
3282 3629 3471 3743 [h],
3517 3660 3564 3714 a
3617 3660 3777 3743 quo
3830 3631 4093 3714 etiam

940 3741 1088 3866 5534.
1146 3741 1204 3794 '·
1261 3799 1275 3853 ·.
1377 3741 1697 3826 ambitu
1743 3805 1770 3852 ‚
1829 3745 1905 3825 8<
1967 3745 2449 3831 fastionibus
2507 3748 2955 3862 plerunque
2995 3751 3471 3834 vincebatur
3516 3808 3537 3830 .
3598 3743 3750 3858 [i]
3808 3752 4095 3830 Praete-

893 3842 1338 3984 [ᾍῇᾖξῖιζζξ
1373 3887 1513 3943 rea
1560 3861 2115 3970 Menandrum
2165 3893 2557 3982 magnum
2626 3865 2885 3950 etiam
2928 3869 3020 3951 in
3084 3865 3508 3951 discrimen
3556 3865 3885 3950 adduxit
3938 3864 4093 3947 ini-

929 4002 979 4040 ο·
1013 4005 1069 4053 4·
1376 4001 1464 4061 ta
1510 4005 1699 4061 cuna
1759 3981 2191 4065 Demetrio
2246 3982 2640 4067 Phalereo
2675 4045 2702 4090 ‚
2765 3986 2904 4098 qui
2936 3986 3308 4069 Athenas
3370 4008 3836 4097 occuparat,
3896 3981 4097 4065 arni·

1372 4096 1634 4179 citia:
1704 4122 1898 4178 nam
1969 4125 2153 4179 cum
2242 4099 2309 4179 is
2378 4097 2621 4181 hostis
2691 4103 2978 4214 patriae
3063 4102 3518 4185 declaratus
3618 4102 3810 4183 urbe
3875 4127 4098 4183 exce-

1372 4211 1574 4296 dens
1644 4212 1731 4295 in
1790 4215 2250 4327 AEgyptum
2302 4212 2378 4297 se
2445 4214 2857 4330 recepisset
2894 4277 2922 4324 ,
2983 4219 3390 4302 accusatus
3448 4216 3908 4302 Menander
3955 4245 4098 4328 pa-

1379 4358 1563 4412 rum
1624 4328 1937 4435 abfuit,
2011 4331 2209 4442 quin
2275 4331 2541 4445 capite
2586 4333 3114 4419 damnaretur
3157 4336 3262 4419 ob
3315 4337 3472 4421 hoc
3521 4364 3767 4428 unum
3802 4395 3828 4438 ,
3885 4331 4096 4443 quod

1381 4448 1689 4531 amicus
1750 4450 2136 4562 Tyranni
2201 4446 2508 4535 fuiffett
2597 4475 2685 4537 at
2760 4456 3145 4570 purgavit
3214 4451 3513 4567 ipsum.
3547 4450 4096 4564 Telesphorus

3816 4571 3983 4653 De-
