4484 5850
1508 399 1622 481 80

1383 501 1681 600 viiaHus
1753 543 2020 628 gerere
2085 508 2474 595 cothurnos
2564 567 2592 617 ‚
2686 506 2946 607 jacere
3027 529 3254 624 caput
3296 568 3322 616 ,
3386 507 3779 627 strepente
3827 509 4109 595 circum

1376 634 1678 751 procaci
1726 631 1936 715 choro
1959 691 1981 714 .

1505 756 1690 846 Hoc
1749 753 2027 864 itaque
2087 745 2585 831 vindemiale
2627 742 2909 828 festum
2963 741 3373 828 Bacchicis
3414 745 3699 829 ritibus
3748 747 4114 831 concele-

1383 872 1716 960 bratum
1771 862 2033 948 adulto
2092 889 2475 969 autumno,
2522 892 2814 975 nempe
2864 888 3258 945 autumno
3322 862 3632 946 modice
3679 863 4110 979 progreffo;

1388 984 1656 1070 mense
1720 987 2106 1068 nimirum
2185 982 2523 1066 Oelobri
2562 1043 2589 1089 ‚
2669 981 2891 1087 juxta
2964 976 3373 1093 Lipfium,
3430 978 3644 1086 cujus
3707 980 3869 1063 haec
3928 982 4114 1065 sunt

1388 1106 1637 1188 verba
1691 1131 1709 1183 τ
1774 1096 2031 1183 adulto
2090 1126 2449 1181 autumno
2498 1158 2524 1204 ,
2585 1094 2783 1207 idest
2825 1098 3073 1207 mense
3116 1096 3414 1177 oflobri
3460 1155 3482 1178 .
3545 1099 3819 1208 Itaque
3862 1099 4109 1180 etiam

1387 1223 1472 1303 in
1521 1214 1928 1332 Horologio
1987 1219 2242 1299 veteri
2284 1220 2544 1297 Romae
2571 1215 2976 1327 signatum
3036 1245 3125 1314 eo,
3174 1211 3423 1330 menfi:
3486 1217 4119 1298 VINDEMJAE

1389 1339 1906 1420 SACRUM
1954 1336 2388 1417 LIBERO
2432 1393 2454 1416 .
2517 1335 2743 1417 Idem
2792 1331 3068 1417 auclor
3127 1331 3231 1414 est
3291 1360 3452 1445 quo
3520 1356 3886 1445 tempore
3948 1334 4122 1419 haec

1396 1454 1840 1560 liberalia‚'
1925 1450 2054 1534 seu
2122 1478 2210 1535 ut
2256 1455 2377 1535 ita
2446 1451 2712 1535 dicam
2775 1444 3287 1532 vindemialia
3328 1448 3592 1534 Caesar
3670 1453 3753 1534 in
3817 1454 4124 1536 Bacchi

1397 1575 1793 1666 honorem
1864 1566 2263 1676 instituit,'
2289 1566 2557 1652 cusum
2630 1567 2853 1654 fuisse
2903 1572 3185 1652 Roma:
3247 1568 3331 1648 in
3416 1563 3738 1650 laudem
3788 1567 4121 1654 Caesaris

1399 1717 1821 1776 nummum
1876 1746 1903 1792 ,
1965 1689 2047 1769 in
2098 1685 2313 1796 cujus
2360 1686 2617 1770 altera
2666 1710 2898 1799 parte
2959 1687 3061 1765 C.
3126 1682 3389 1764 Vibius
3446 1679 3705 1792 Rufus
3748 1744 3775 1790 ‚
3844 1686 3923 1765 8<
3970 1688 4123 1774 im-

1395 1807 1647 1923 preffa
1691 1835 1883 1910 ara,
1942 1807 2070 1888 cui
2103 1803 2454 1916 persona
2503 1801 2921 1888 histrionia
2972 1801 3343 1914 imposita
3372 1798 3758 1910 adjunffls
3789 1803 4123 1916 thyrso,

1398 1929 1476 2013 8<
1537 1925 1728 2038 tigri
1794 1921 1973 2028 [de
2028 1923 2319 2033 quoin
2390 1919 2752 2035 sequenti
2812 1919 3362 2003 dissertatione
3426 1923 3738 2005 mentio
3818 1925 4125 2009 iterum

1400 2041 1539 2127 fiet
1573 2045 1611 2152 ]
1643 2102 1665 2125 .
1726 2040 2035 2126 Eat-hoc
2075 2039 2555 2122 vindemiali
2604 2037 2794 2122 festo
2844 2041 3072 2121 fluxit
3113 2038 3367 2121 etia'm
3413 2037 3899 2124 consuetudo
3953 2071 4122 2126 non

1403 2161 1655 2243 solum
1710 2162 1810 2256 ab
1859 2159 2248 2250 Ethnicis
2292 2216 2319 2262 ,
2380 2155 2507 2239 sed
2555 2186 2601 2239 a
2649 2154 3136 2242 Christianis
3184 2157 3435 2240 etiam
3484 2160 4125 2268 Imperatoribus

1404 2276 1879 2383 observata,
1942 2299 2032 2359 ut
2082 2304 2223 2389 per
2273 2278 2614 2390 triginta
2658 2275 2822 2357 dies
2884 2277 2968 2357 in
3033 2274 3226 2356 villa
3281 2273 3705 2358 vindemiae
3752 2301 4127 2389 tempore

1402 2401 1583 2496 c'um
1614 2397 1892 2478 amicis
1920 2393 2274 2476 suaviter
2299 2391 2925 2501 jocundarentur
2951 2453 2973 2474 .
3042 2395 3265 2476 Hinc
3291 2419 3573 2475 omnes
3596 2394 3851 2475 etiam
3879 2393 4125 2479 aclio-

1255 2587 1278 2598 ,
1403 2541 1546 2599 nes
1591 2573 1618 2617 ,
1699 2510 2119 2624 omnisque
2187 2533 2438 2623 opera
2496 2509 2824 2594 forensis
2895 2539 3041 2623 per
3101 2539 3233 2594 eas
3303 2509 3832 2594 vindemiales
3878 2509 4123 2596 ferias

1405 2629 1750 2714 cessabat
1799 2657 1846 2712 a
1895 2634 1995 2712 X.
2040 2627 2219 2714 Cal.
2277 2628 2500 2742 Sept.
2549 2625 2788 2743 usque
2835 2628 2934 2712 ad
2991 2628 3160 2711 idus
3222 2624 3552 2733 ottob„
3612 2653 3700 2710 ut
3744 2628 4128 2713 Theodo-
4182 2722 4189 2729 ,

971 2741 1044 2804 “l
1097 2738 1217 2796 ω·
1253 2740 1330 2795 ¹⁷·
1411 2746 1556 2830 sius
1605 2748 1859 2854 habet
1905 2805 1927 2828 .
1986 2742 2103 2856 [e]
2208 2827 2214 2832 .
3290 2741 3303 2754 ’
3358 2765 3367 2776 ’

926 2811 1036 2866 cod.
1052 2812 1115 2866 de
1128 2811 1303 2867 Feriis
1317 2849 1336 2868 .

1531 2866 1653 2949 At
1700 2862 2074 2978 quorsum
2113 2860 2252 2948 ista
2280 2858 2308 2948 ‚³
2334 2863 2581 2950 'Nihil
2614 2894 2711 2950 ne
2741 2865 2956 2951 aliud
2982 2866 3314 2951 exhibet
3364 2862 3515 2951 hoc
3554 2893 3915 2950 marmor
3939 2895 4145 2980 prae·.

1412 2997 1541 3069 te'r
1588 2982 2097 3066 vindemiam
2150 2984 2281 3066 vel
2352 2982 2451 3066 ad
2496 2988 2768 3068 Graeca
2816 2989 3107 3069 Lenaea
3152 3045 3179 3087 ,
3287 2983 3419 3067 vel
3469 2983 3567 3068 ad
3639 2985 4134 3069 vindemiale

1409 3106 1880 3188 Romanum
1930 3098 2218 3183 festum
2269 3098 2837 3186 referendam?
2902 3107 3031 3186 Ita
3079 3100 3372 3215 plane,
3415 3127 3820 3216 quantum
3869 3100 4136 3186 nostra

1403 3221 1684 3332 opinio
1732 3216 1838 3302 est
1878 3280 1904 3323 ‚
1969 3217 2022 3301 fi
2072 3218 2253 3333 quis
2302 3222 2563 3334 magis
2604 3219 2970 3303 oculatus
3018 3248 3319 3304 novum
3386 3219 3687 3334 aliquid
3746 3248 3845 3303 ex
3912 3223 4137 3334 peni-

1409 3339 1602 3422 tiori
1634 3335 2059 3423 deductum
2109 3338 2623 3453 mythologia
2668 3337 3281 3450 deprehendat,
3343 3365 3731 3453 magnam
3778 3342 3853 3440 ei
3884 3338 4165 3422 habe--

1408 3454 1677 3539 bimus
1729 3456 2128 3569 gratiam.
2196 3458 2666 3569 Torqueat,
2699 3461 2827 3541 cui
2871 3459 3163 3571 volupe
3193 3456 3351 3561 est,
3413 3459 3836 3574 ingenium
3873 3455 4126 3564 suum,

1412 3571 1964 3684 scruteturque
2009 3574 2349 3685 quinam
2405 3571 2542 3657 iste
2612 3570 2919 3686 puellus
2974 3636 3000 3680 ‚
3061 3579 3199 3688 qui
3262 3575 3483 3660 senes
3529 3639 3556 3679 ‚
3615 3604 3786 3689 quae
3848 3577 4129 3659 mulie·

1412 3717 1588 3795 res,
1647 3687 1841 3801 quid
1892 3690 2106 3773 aliud
2172 3692 2303 3774 vel
2354 3690 2670 3796 auctor,
2730 3691 2860 3793 vel
2906 3692 3256 3806 sculptor
3291 3697 3375 3777 in
3431 3720 3711 3777 mente
3753 3694 4133 3777 habuerit

1001 3878 1004 3879 f
1415 3833 1708 3919 praeter
1754 3802 2131 3890 rusticum
2183 3838 2326 3921 per
2364 3809 2866 3893 vindemiam
2918 3811 3317 3895 Thiasum
3372 3871 3398 3916 ,
3463 3810 3958 3922 solutamque
4016 3811 4139 3894 lae-

983 3937 1392 4007 {flul-111·
1434 3926 1708 4008 titiam
1756 3983 1784 4029 ,
1866 3926 2193 4036 qualem
2274 3933 2532 4010 Poetae
2624 3926 2818 4040 ssepe
2910 3926 3414 4034 describunt,
3479 3955 3567 4012 ut
3600 3933 3973 4013 'Nonnus
4000 3923 4145 4041 (f)

945 4010 1392 4154 tgi'tssfssim,
1430 4041 1567 4123 ubi
1619 4043 1976 4151 primam
2030 4045 2327 4127 Bacchi
2374 4041 2873 4128 vindemiam
2927 4042 3108 4155 [g]‚
3167 4048 3244 4128 8<
3296 4048 3428 4128 ubi
3479 4043 3799 4129 rusticos
3857 4046 4146 4158 ebrios;
4268 4104 4275 4109 -

985 4152 1361 4290 ιζῗὸἆζῗὴ.
1424 4159 1504 4240 8<
1550 4160 1988 4241 Anacreon
2056 4161 2193 4243 ubi
2252 4164 2475 4246 canit
2543 4156 2681 4274 (b)
2718 4158 2826 4247 τόν
2879 4159 3421 4276 μελαινοχρῶπι
3475 4153 3762 4272 βότριω
3799 4222 3826 4268 ‚
3896 4165 4145 4278 nigri-

1429 4300 1763 4361 cantem
1813 4300 2107 4358 uvam.
3104 4363 3111 4371 ,
3964 4376 3971 4379 .
4044 4332 4053 4340 -

1550 4395 1816 4474 Pauca
1866 4416 2189 4491 tanturn
2277 4392 2542 4477 minus
2601 4391 2961 4477 saturum
3018 4392 3403 4479 Ῑεὲὶοτεπι
3474 4396 3817 4482 'monere
3882 4384 4146 4481 adhuc

1440 4504 1837 4618 possumus
1893 4565 1914 4588 .
1978 4512 2300 4593 Harum
2363 4510 2611 4595 vestes
2661 4513 3092 4596 mulierum
3141 4515 3435 4596 eaedem
3484 4513 3664 4598 sunt
3715 4544 3898 4599 cum
3940 4514 4147 4619 illis,

1443 4650 1640 4736 quas
1702 4622 2083 4709 hactenus
2130 4628 2475 4713 vidimus
2515 4689 2538 4713 .
2598 4629 2873 4715 Aulaea
2921 4628 3366 4740 hujusmodi
3412 4656 3746 4718 extenta
3826 4634 4155 4831 inlffac-

3878 4778 3922 4832 C
4013 4796 4045 4816 ο

2700 4966 2737 5029 f
