4484 5850
1511 455 1547 511 1
1624 436 1681 513 6

1384 451 1649 630 nita3e
1689 541 2081 657 Imperii,
2140 560 2278 625 aut
2327 566 2476 653 pro
2519 536 2770 623 salute
2811 540 3140 624 Civium
3171 598 3201 645 ,
3259 537 3389 623 vel
3415 567 3562 652 pro
3601 537 3850 625 salute
3875 541 4114 631 Prin-

1382 665 1657 775 cipum
1705 722 1731 769 ‚
1791 688 2229 772 eorumque
2268 656 2486 741 felici
2536 658 2713 763 itu,
2772 681 3016 768 atque
3062 656 3328 740 reditu
3373 716 3401 763 ,
3463 681 3599 741 aut
3646 687 3796 770 pro
3850 657 3924 742 se
3989 663 4113 771 ip-

1357 779 1525 864 fis.
1588 784 1717 863 Ita
1761 779 2060 893 Julium
2100 775 2683 859 Marcellinum
2721 835 2750 882 ,
2793 772 2850 856 fi
2895 774 3032 858 ille
3073 774 3212 879 fit,
3273 803 3509 885 quem
3550 773 3683 857 sub
3718 775 4100 861 Gallieno

1382 902 1886 1010 Imperatore
1931 893 2297 1006 suspicati
2344 891 2659 996 sumuS,
2725 894 3086 976 votivam
3128 891 3342 974 ha‘nc
3377 920 3602 976 aram
3629 897 3808 976 Deo
3831 894 4100 977 Genio

1383 1014 1827 1125 Municipii
1877 1009 2231 1124 Segusini
2279 1007 2749 1093 dedicavisse
2793 1007 3338 1092 existimamus
3387 1069 3414 1115 ‚
3502 1037 3640 1093 aut
3710 1032 3799 1091 ut
3845 1016 4109 1122 Impe-

1381 1132 1637 1215 ratori
1674 1159 1796 1214 res
1851 1126 2224 1213 secundas
2277 1124 2898 1240 adprecaretur,
2958 1152 3095 1211 aut
3142 1150 3232 1209 ut
3288 1155 3434 1238 pro
3483 1127 4108 1239 partaaGallie·

1381 1278 1491 1332 no
1544 1245 1928 1352 vistoria,
1989 1269 2129 1329 aut
2178 1273 2330 1358 pro
2375 1246 2532 1327 rite
2576 1241 3214 1328 administranda
3258 1246 3735 1328 cottiarum
3759 1244 4108 1358 Alpium

1382 1366 1807 1478 provincia
1858 1384 2147 1446 votum
2181 1361 2316 1444 vel
2354 1358 2702 1445 solveret
2737 1421 2766 1468 ‚
2825 1387 2966 1447 aut
3014 1358 3515 1446 consecraret
3548 1422 3571 1444 .

1502 1487 1694 1567 Haec
1742 1481 1996 1565 etiam
2040 1477 2380 1563 fortassis
2429 1507 2570 1563 ara
2622 1477 2862 1563 alicui
2908 1475 3292 1564 sacrificio
3335 1481 3775 1591 quotannis
3819 1509 3869 1564 a
3913 1483 4096 1563 Mu-

1385 1600 1781 1712 nicipibus
1825 1594 2212 1684 Secusmis
2260 1593 2434 1679 fieri
2468 1594 2699 1681 solito
2757 1594 3152 1681 destinata
3177 1593 3384 1708 fiait3
3435 1626 3628 1683 nam
3664 1585 4102 1683 verosimil-

1382 1719 1675 1801 limum
1708 1713 1815 1799 est
1862 1712 2150 1799 statam
2187 1711 2540 1799 habuisse
2581 1712 2802 1799 diem
2840 1774 2869 1823 ,
2940 1742 3102 1830 qua
3165 1716 3350 1800 Deo
3409 1715 3628 1800 urbis
3678 1716 3945 1803 Genio
3993 1712 4103 1798 sa-

1386 1863 1522 1920 cra
1566 1833 1926 1918 facerent
1953 1891 1976 1914 .

1379 1969 1382 1971 ’
1500 1949 1710 2035 Illud
1758 1951 2012 2035 etiam
2079 1947 2670 2036 observandum
2738 1948 3081 2064 superest
3139 1950 3350 2040 hanc
3431 1980 3657 2037 aram
3710 1949 4103 2063 superiori

1385 2092 1621 2181 parte
1658 2092 2131 2152 excavatam
2177 2068 2576 2180 tantisper
2619 2066 2764 2153 effe
2795 2129 2825 2175 ,
2882 2094 2973 2153 ut
3012 2066 3380 2174 facium,
3447 2066 3502 2149 s1
3546 2066 3988 2177 conjefitare
4014 2069 4108 2151 li-

1380 2210 1511 2269 cet
1556 2246 1583 2292 ‚
1628 2184 2122 2297 imponenda
2174 2184 2340 2269 liba
2394 2246 2422 2293 ,
2478 2185 2976 2300 liquoresque
3009 2246 3038 2293 ‚
3105 2187 3180 2269 8<
3227 2183 3743 2273 viffimarum
3793 2183 4106 2300 praeser-

1382 2304 1539 2386 tim
1587 2301 2059 2418 sanguinem
2106 2303 2568 2391 contineret
2604 2362 2626 2386 .

3814 4740 3995 4831 XII.
