4484 5850
1464 396 1809 596 ab3gliis
1883 495 2525 621 Imperator-ibus
2585 494 2929 595 nomina
3001 528 3552 623 acceperant,
3618 509 3695 591 8<
3760 503 3902 592 fua
3959 523 4172 593 aetate

1468 626 1733 713 adhuc
1783 627 2241 713 extabant.
2276 630 2838 742 Utrarurnque
2874 628 3204 714 Stativa
3238 630 3496 714 etiam
3505 625 3803 733 addit,
3838 622 3973 709 seu
4005 628 4177 709 Pro·

1462 746 1829 852 vincia,
1896 747 1984 830 in
2049 744 2335 859 quibus
2393 745 2473 830 id
2523 748 2914 862 temporis
2957 770 3254 836 erant.
3325 747 3636 903 Omnia
3679 772 3849 830 uno
3903 743 4176 829 obtutu

1464 863 1605 950 hle
1666 862 2229 978 conspicienda
2288 863 2613 1023 damuS.

1603 1096 1971 1218 Legiones
2030 1106 2399 1190 Romanae
2453 1108 2738 1192 Severo
2793 1109 3234 1222 Imperante
3292 1135 3386 1189 ex·
3427 1100 3681 1187 Dione
3722 1094 4022 1213 Gaffio.

1465 1343 1745 1429 Prima
1804 1343 2095 1430 Italica
2161 1347 2246 1428 in
2309 1345 2573 1457 Myfia
2636 1403 2659 1431 .
2720 1404 2744 1430 .
2805 1404 2829 1430 .
2885 1340 3250 1430 Instituit
3300 1345 3582 1429 Nero.

1367 1464 1371 1471 ’
1583 1458 2050 1548 Auxiliaria
2110 1464 2200 1548 in
2262 1466 2690 1551 Pannonia
2763 1463 3013 1551 Infet.
3081 1521 3102 1545 .
3165 1522 3186 1546 .
3247 1520 3270 1547 .
3329 1457 3582 1544 instit.
3641 1455 3962 1543 Galba.

1588 1579 2183 1666 Atheniensis
2159 1610 2246 1665 in
2296 1584 2743 1671 Germania
2781 1582 3165 1669 Inferiori
3356 1575 3603 1664 instit.
3648 1575 4181 1664 Domitianus·

1452 1772 1461 1787 .
1588 1697 1972 1784 Parthica
2034 1701 2122 1783 in
2183 1695 2793 1814 Mesopotamia
2855 1761 2876 1785 .
2935 1760 2958 1787 .
3019 1759 3040 1783 .
3103 1696 3354 1783 instit.
3416 1699 3808 1785 Severus.
3873 1799 3886 1815 ι

1475 1815 1846 1900 Secunda
1908 1813 2269 1932 Augusta
2331 1818 2417 1903 in
2483 1821 2915 1904 Britannia
2979 1815 3391 1933 Superiori
3457 1871 3478 1896 .
3541 1871 3562 1895 .
3621 1858 3651 1896 ι.

1596 1935 2061 2019 Auxiliaria
2120 1936 2208 2019 in
2271 1940 2700 2023 Pannonia
2759 1937 3248 2024 Inferiori..
3285 1930 3606 2017 .instit.
3661 1928 4182 2044 Vespafianus.

1594 2053 2001 2168 AEgyptia
2061 2113 2084 2136 .
2144 2113 2167 2137 .
2228 2113 2252 2137 .
2313 2056 2680 2141 ibidem.
2708 2053 3056 2142 ..instit.
3098 2050 3551 2167 TrajanuS.
3585 2050 4185 2137 Antoniniana

1719 2168 1988 2283 postea
2050 2201 2100 2257 a
2161 2175 2289 2260 M.
2339 2178 2774 2260 Antonino
2831 2172 3096 2258 dista.

1593 2290 2131 2397 Germanica,
2179 2317 2354 2404 quae
2387 2292 2464 2374 8<
2497 2293 2784 2378 Italica
2825 2294 2911 2376 in
2957 2293 3320 2377 Norico.
3359 2345 3383 2373 .
3419 2345 3445 2374 .
3482 2283 3739 2374 instit.
3781 2281 4185 2396 Trajanun

1604 2406 1894 2491 Media
1958 2409 2046 2491 in
2108 2408 2357 2493 Italia
2418 2469 2440 2492 .
2501 2470 2524 2494 .
2583 2470 2606 2494 .
2672 2407 2926 2496 instit.
2983 2411 3374 2497 Severus.

1490 2526 1792 2608 Tertia
1852 2524 2174 2609 Gallica
2236 2586 2258 2610 .
2320 2586 2343 2610 .
2403 2586 2427 2610 .
2491 2530 2577 2612 in
2642 2528 3118 2615 Phoenicia.

1614 2644 2079 2751 Cyrenaica
2145 2701 2168 2725 .
2229 2703 2254 2728 .
2314 2705 2338 2727 .
2396 2647 2483 2730 in
2548 2647 2893 2731 Arabia.

1614 2758 1979 2873 Augusta
2041 2820 2062 2843 .
2126 2819 2149 2843 .
2206 2818 2230 2844 .
2296 2765 2380 2845 in
2444 2765 2897 2850 Numidia.

1614 2877 2110 2964 Germanica
2137 2940 2164 2988 ‚
2212 2909 2383 2993 quae
2417 2883 2816 2970 &Italica
2858 2886 2941 2967 in
2982 2881 3305 2969 Rhaetia
3333 2940 3355 2965 .
3388 2940 3453 2965 ..
3504 2872 3754 2965 instit.
3788 2874 4183 2988 Traianus.

1613 2995 2005 3081 Parthica
2069 3056 2090 3079 .
2150 3058 2175 3081 .
2233 3057 2257 3081 .
2322 3002 2408 3084 in
2473 3000 3072 3137 Mesopotamia
3133 3061 3157 3085 .
3199 3011 3238 3087 '.
3306 3059 3328 3084 .
3388 2997 3632 3084 instit.
3693 3000 4071 3085 SeveruS.

1497 3114 1827 3226 Quarta
1888 3115 2269 3226 Scythica
2331 3177 2354 3204 .
2418 3176 2440 3201 .
2500 3179 2524 3201 .
2587 3122 2673 3206 in
2742 3122 3035 3232 Syria.
3665 3149 3672 3154 ’

1618 3232 1910 3317 Flavia
1973 3293 1995 3315 .
2054 3294 2079 3316 .
2140 3294 2161 3318 .
2223 3237 2314 3320 in
2374 3239 2613 3346 Syria
2674 3298 2693 3318 .
2755 3295 2779 3322 .
2840 3296 2861 3321 .
2925 3237 3176 3322 instit.
3236 3233 3812 3352 Vespasianus.

1364 3433 1401 3460 ,Ι
1499 3352 1825 3463 Quinta
1889 3351 2378 3440 Macedonia
2442 3413 2465 3437 .
2524 3415 2547 3439 .
2609 3414 2634 3437 .
2693 3359 2781 3440 in
2843 3357 3260 3442 Thracia.

1498 3470 1747 3552 Sexta
1810 3467 2129 3554 Viarix
2186 3530 2210 3555 .
2275 3532 2296 3555 .
2360 3530 2381 3555 .
2445 3475 2530 3584 in
2598 3475 3031 3560 Britannia
3091 3473 3515 3562 Inferiori.

1617 3591 1959 3671 Ferrata
2021 3647 2044 3671 .
2100 3646 2125 3672 .
2185 3647 2210 3670 .
2270 3591 2356 3676 in
2420 3589 2721 3704 Judaea.
2919 3665 2930 3670 -

1489 3704 1867 3816 Septima
1930 3703 2280 3792 Claudia
2340 3766 2361 3790 .
2422 3765 2444 3790 .
2506 3768 2528 3791 .
2592 3712 2677 3793 in
2743 3709 3140 3819 Mysia..
3185 3740 3315 3797 .a
3373 3695 3728 3798 Claudio
3763 3733 4059 3798 nomen
4090 3733 4188 3792 ac·

1738 3823 2002 3934 cepit.
2064 3849 2241 3909 erat
2310 3848 2587 3916 tamen
2649 3826 2987 3943 Augusti
3046 3850 3453 3944 tempore.

1484 4017 1493 4024 .
1622 3940 2069 4025 Auxiliaris
2128 4000 2149 4023 .
2214 4000 2236 4025 .
2301 4001 2322 4024 .
2386 3946 2472 4027 in
2535 3944 3109 4059 Hispania..
3172 4006 3195 4033 .
3255 3946 3502 4033 instit.
3553 3948 3875 4034 Galba.

1509 4053 1828 4142 ORava
1892 4055 2248 4172 Augusta
2309 4118 2334 4146 ..
2394 4117 2417 4145 .
2480 4122 2501 4146 .
2562 4065 2648 4148 in
2712 4067 3164 4151 Germania
3222 4067 3693 4182 Superiori.
3907 4109 3916 4116 ·

1466 4176 1770 4260 -Nona
1830 4175 2135 4262 Nulla.
2521 4249 2529 4256 .

1507 4293 1859 4378 Decima
1926 4293 2297 4381 Gemella
2357 4355 2379 4380 .
2438 4358 2460 4383 .
2521 4358 2568 4382 ..
2605 4301 2692 4384 in
2754 4304 3179 4388 Pannonia
3239 4304 3704 4416 Superiori·

1502 4408 1973 4498 ‚Undecima
2038 4413 2385 4500 Claudia
2450 4477 2471 4500 .
2527 4478 2552 4500 .
2621 4476 2642 4503 .
2704 4420 2788 4505 in
2841 4419 3109 4526 Myfia
3155 4420 3580 4507 Inferiori·
3650 4419 4033 4510 Claudius
4076 4427 4186 4510 noi

1749 4554 1939 4614 men
2000 4529 2275 4638 dedit,
2338 4532 2464 4619 sed
2523 4566 2573 4620 a
2629 4560 3002 4654 ternpore
3067 4537 3405 4655 Augusti
3465 4564 3694 4625 erat.

1511 4641 2037 4738 Duodecima
2078 4649 2636 4754 Fulminatrix
2698 4714 2724 4740 .
2951 4659 3039 4743 in
3100 4657 3681 4775 Cappadocia.
3884 4779 3966 4865 D
4057 4772 4071 4788 ·

3295 4815 3300 4820 ·
3970 4801 4102 4874 ecl:
