4484 5850
1403 517 1416 528 ’
1493 442 1694 614 I7Nlon
1756 530 2162 613 modicam
2225 555 2417 611 vero
2466 587 2491 632 ‚
2571 522 2701 609 sed
2763 523 3373 609 insolentiorem
3434 522 3834 638 praesefert
3888 523 4086 608 hila·

1373 649 1706 731 ritatem
1769 645 2128 761 expressa
2176 647 2260 729 in
2304 645 2457 727 hoc
2509 672 2913 727 marmore
2952 643 3389 726 ludibunda
3427 645 3713 727 cohors
3759 671 4091 727 omnem

1375 767 2205 878 sexum,aetatemque
2229 760 2820 874 complefflens.
2881 766 3261 875 Quatuor
3314 758 3686 867 feminae,
3743 790 3928 845 cum
3980 786 4094 843 to-

1381 882 1638 965 tidem
1671 883 1863 965 viris
1898 941 1925 987 ‚
1987 911 2080 966 ac
2127 906 2290 963 tres
2338 881 2658 962 barbati
2727 879 2948 963 senes
2994 905 3158 962 una
3226 877 3456 960 fimul
3504 878 4087 963 indiscrimina-

1379 1001 1538 1081 tim
1577 1002 2098 1105 accumbunt,
2125 996 2529 1111 quoddam
2582 996 2815 1109 super
2876 993 3312 1110 stragulum
3360 998 3717 1086 extentis
3762 994 4095 1108 desuper

1381 1117 1643 1199 aulaeis
1675 1176 1702 1220 ,
1763 1118 2050 1230 quibus
2112 1143 2160 1198 a
2219 1112 2401 1198 solis
2433 1115 2675 1198 radiis
2716 1115 2874 1196 tuti
2910 1141 3166 1226 opaca
3201 1114 3285 1197 in
3313 1115 3595 1197 umbra
3639 1111 4047 1228 quiescant
4076 1169 4100 1193 .

1381 1234 1692 1318 Mulier
1730 1236 2083 1346 primum
2134 1230 2409 1315 sedens
2449 1230 2731 1314 fidibus
2794 1230 3002 1315 ludit
3035 1290 3062 1338 ,
3127 1237 3375 1345 'quam
3410 1231 3633 1340 juxta
3686 1259 3787 1314 ex
3825 1229 4107 1313 adver-

1383 1350 1468 1433 so
1527 1348 1734 1459 jacet
1780 1348 2236 1434 seminudus
2296 1347 2539 1452 senex
2583 1376 3073 1433 concentum
3097 1347 3571 1454 auscultans,
3595 1347 3886 1432 dextra
3927 1375 4103 1430 ver·
4158 1365 4179 1384 ⁰

1384 1469 1508 1550 sus
1570 1465 1968 1551 feminam
2036 1492 2423 1581 protenta
2470 1527 2497 1571 ,
2557 1465 2779 1578 quasi
2845 1466 3257 1551 admirans
3300 1526 3327 1572 ,
3388 1466 3922 1580 poculumque
3982 1466 4153 1546 in·„

1383 1613 1585 1698 gens
1651 1584 1906 1669 musto
1967 1585 2298 1697 plenum
2360 1581 2670 1666 finistra
2734 1609 2966 1668 tenet
3005 1644 3029 1666 .
3087 1583 3326 1668 Talis
3387 1584 3691 1668 alicubi
3746 1575 4137 1694 depissus'
4230 1682 4241 1686 -

1389 1702 1597 1785 visus
1657 1700 1766 1786 est
1829 1704 2055 1786 nobis
2095 1705 2605 1785 Anacreon.
2690 1704 2908 1785 Huic
2973 1700 3283 1810 adjacet
3366 1703 3749 1794 imberbis
3805 1698 4123 1810 juvenis

1387 1822 1679 1903 eodem
1738 1819 2215 1926 conversuS,
2277 1819 2354 1899 8<
2417 1817 2716 1903 nudus.
2778 1817 2956 1903 Post
3020 1822 3237 1903 hunc
3272 1822 3563 1904 mulier
3608 1816 4121 1929 nescioquod

1388 1939 1690 2021 sertum
1746 1939 2331 2052 praeqnanibus
2370 1938 2724 2022 habens.
2804 1940 3219 2051 Deinceps
3280 1941 3406 2021 vir
3468 1939 3667 2021 alius
3729 1962 4128 2051 magnam

1393 2057 1774 2140 exhaurit
1833 2084 2208 2170 ·cuppam
2263 2116 2289 2159 ‚
2377 2085 2541 2170 qua
2600 2053 2764 2165 ejus
2828 2085 3035 2170 pene
3099 2081 3277 2140 tota
3360 2057 3733 2146 obruitur
3790 2053 4032 2139 facies
4107 2113 4135 2164 ,

1398 2174 1927 2292 humerosque
2015 2175 2153 2258 ille
2236 2171 2561 2290 supinus
2644 2174 3078 2258 retrorsum
3141 2176 3512 2258 incurvat
3565 2232 3589 2255 .
3700 2174 4126 2257 Proximus

1396 2294 1586 2376 huic
1649 2295 1852 2377 alius
1913 2322 2211 2407 pronus
2277 2296 2360 2378 in
2425 2320 2803 2377 ventrem
2866 2291 3134 2400 jacet,
3218 2292 3749 2405 poculumque
3786 2290 4159 2404 plenum.

1396 2437 1737 2524 propter
1790 2411 2261 2495 accubantis
2325 2411 2647 2497 feminae
2711 2411 2958 2495 labris
3022 2410 3408 2494 admovet
3453 2468 3482 2514 ,
3562 2435 3652 2493 ut
3712 2409 3940 2492 bibat
4003 2411 4128 2493 in·

1397 2531 1815 2640 crepitans
1881 2587 1906 2611 .
1967 2531 2354 2641 Sequitur
2414 2530 2653 2615 senex
2684 2556 3077 2670 xarmatus
3134 2530 3393 2612 etiam
3455 2526 3728 2638 panda
3788 2555 4056 2640 cuppa
4102 2587 4130 2632 ‚

1401 2644 1829 2729 conversus
1885 2644 1983 2727 ad
2023 2644 2409 2756 juvenem
2454 2708 2484 2752 ,
2542 2645 2684 2760 qui
2747 2646 3069 2759 supinus
3126 2674 3312 2730 curn
3372 2644 3682 2728 sublato
3756 2646 4135 2729 manibus

1402 2760 1674 2874 puello
1736 2760 1996 2845 ludit.
2059 2766 2141 2846 A
2189 2788 2417 2879 tergo
2472 2763 2781 2874 juvenis
2842 2762 3138 2847 mulier
3196 2766 3523 2848 botrum
3568 2765 3796 2846 inter
3858 2762 4132 2868 illius,

1369 2879 1792 2992 ,puerique
1825 2907 1925 2962 os
1985 2880 2485 2991 pendentem
2530 2906 2807 2966 tenet.
2867 2880 3235 2966 Ultimus
3294 2881 3627 2967 tandem
3667 2878 3906 2965 senex
3962 2908 4134 2964 mu-

1407 2996 1525 3077 sto
1562 2996 1894 3080 brachia
1941 2996 2903 3116 tinfiusjocundantibus
2947 2998 3102 3084 sese
3140 3060 3169 3106 ,
3233 2999 3583 3110 vinoqu'e
3624 3000 4132 3113 ingurgitan-

1037 3206 1048 3215 .
1410 3114 1621 3195 tibus
1682 3114 1941 3198 veluti
2000 3113 2467 3231 supervenit
2512 3179 2540 3225 ,
2599 3119 2676 3200 8<
2728 3119 3075 3203 nimiam
3149 3146 3249 3201 ex
3298 3116 3783 3201 temulentia
3823 3139 4136 3229 proter-

978 3285 1062 3351 [δ]
1099 3282 1219 3344 ω,
1270 3285 1362 3339 η
1413 3230 1636 3315 viam
1699 3234 2138 3346 exprobrat
2183 3234 2837 3351 indignabundus
2883 3267 2907 3347 ;
2969 3233 3107 3321 iste
3166 3233 3647 3321 recalvaster
3705 3230 3815 3318 est
3859 3292 3889 3341 ‚
3973 3234 4133 3317 cal-

928 3385 936 3393 ·
1010 3353 1361 3430 Deipmfipb·
1417 3378 1612 3434 vum
1641 3378 1838 3435 vero
1865 3352 2230 3437 Silenum
2281 3384 2463 3439 cum
2485 3356 2804 3440 Baccho
2842 3354 3145 3468 picium
3174 3351 3425 3438 refert
3451 3348 4079 3461 Athenae'us.[b]
4238 3346 4243 3355 '

1534 3468 1898 3551 Cuinam
1955 3499 2196 3583 porro
2257 3472 2478 3558 sacra
2537 3474 2704 3558 haec
2750 3471 3265 3556 vindemialis
3310 3468 3699 3575 festivitas
3747 3466 3892 3552 nist
3932 3472 4129 3552 Bac·

1415 3579 1630 3667 cho?
1687 3590 1976 3670 Lenaea
2039 3587 2180 3670 illa
2240 3648 2269 3696 ‚
2347 3620 2520 3701 quae
2579 3593 2665 3675 in
2729 3592 3125 3674 honorem
3205 3590 3508 3673 Bacchi
3573 3587 3981 3699 celebrata
4045 3588 4134 3669 in

1420 3701 1711 3782 Attico
1775 3730 1972 3816 agro
2039 3733 2184 3818 per
2247 3735 2729 3795 autumnum
2791 3709 3143 3792 vidimus
3201 3767 3229 3812 ‚
3289 3702 3771 3821 quibiffnam
3803 3702 4132 3819 perafiia

1421 3819 1853 3928 opinemur
1913 3823 2265 3929 ritibus,
2326 3825 2470 3911 nifi
2530 3826 2846 3931 thiaso,
2906 3827 3351 3929 libatione,
3411 3823 3859 3933 crebrisque
3908 3823 4132 3905 inter

1427 3934 1960 4044 premendum
2013 3942 2299 4024 vinum
2348 3946 2978 4056 potatiunculis‚
3037 3946 3114 4026 8<
3151 3938 3716 4027 cantionibus?
3756 3942 4136 4024 Lenaeum

1426 4046 1706 4139 ληνσᾶον
1763 4052 1975 4137 locus
2034 4057 2172 4142 ille
2234 4061 2321 4142 in
2387 4063 2674 4146 Attico
2734 4092 2931 4176 agro
2991 4059 3243 4144 dietus
3304 4057 3445 4143 οἱπό
3503 4055 3599 4143 τῖς
3656 4046 3941 4148 Mra-a
3982 4079 4140 4139 tor-

1434 4164 1687 4249 culari
1743 4169 1855 4252 ibi
1905 4173 2263 4285 primum
2313 4175 2617 4288 posito.
2701 4177 3177 4262 Atticorum
3246 4204 3441 4260 vero
3514 4203 3831 4259 morem
3888 4172 4133 4258 secuti

1432 4287 1681 4381 ceteri
1732 4290 1986 4373 Graeci
2034 4292 2376 4403 populi,
2456 4318 2547 4377 ut
2603 4298 2950 4408 opinor,
3012 4292 3437 4377 vindemiae
3501 4291 3787 4377 festum
3859 4295 4145 4375 Lenaeo

1437 4400 1752 4485 Baccho
1798 4403 2106 4489 sacrum
2134 4411 2311 4519 pari
2338 4438 2638 4523 pompa
2660 4412 3174 4501 celebrarunt
3214 4469 3238 4491 .
3298 4409 3495 4495 Inde
3536 4405 3818 4502 ληνοᾶος
3863 4437 3910 4492 a
3937 4410 4147 4511 Gra-

1435 4520 1550 4600 cis
1607 4521 2030 4627 omnibus,
2093 4526 2194 4615 δε,
2231 4531 2555 4615 Lenaeus
2612 4557 2665 4612 a
2721 4529 3039 4613 Latinis
3097 4529 3355 4617 etiam
3398 4528 3854 4640 appellatus
3900 4516 4140 4608 Liber

1347 4678 1370 4697 ·
1439 4635 1546 4719 ob
1592 4637 1941 4725 allatum
1999 4666 2341 4753 etymon
2391 4706 2422 4756 ‚
2483 4675 2651 4733 non
2718 4677 2767 4732 a
2812 4645 3193 4757 leniendo
3244 4704 3272 4754 ‚
3336 4667 3427 4730 ut
3494 4643 3938 4754 somniatur
3986 4645 4151 4725 Do·

1463 4814 1474 4827 .
3666 4778 3684 4786 “
3790 4784 4029 4845 natus
