4484 5850
410 557 631 672 apud
692 554 1248 670 Euripidem
1227 586 1313 641 tn
1357 556 1697 642 Bacchis
1735 553 2143 643 Pentheus
2194 560 2280 642 in
2306 558 2791 645 Bacchantis
2824 468 3136 647 ιτιο4τῖηι

406 677 823 761 ornandas
870 678 1107 787 peplo
1156 677 1397 760 talari
1463 676 1827 759 induitur
1878 672 2030 787 [m]
2068 737 2099 773 ,
2156 681 2356 790 quin
2419 679 2778 763 Bacchus
2827 678 2971 792 ipsi
3008 707 3145 765 ex·
3175 679 3274 751 (ω)
3310 684 3386 740 7·
3420 698 3550 763 ⁹³3

396 794 745 908 probrat
800 790 1050 875 vestes
1076 792 1537 876 decentibus
1562 794 1901 876 flexibus
1920 822 2153 877 crura
2182 823 2344 879 non
2368 796 2824 909 obtegere.
2874 800 3119 910 Supe-

408 914 581 994 rior
631 907 860 992 vestis
908 914 1177 992 brevis
1225 908 1386 1014 est,
1436 911 1655 1024 palla
1717 911 1849 993 vel
1908 911 2244 1023 pallium
2297 912 2406 994 ab
2438 912 2837 1025 aliquibus
2878 912 3124 1022 dicia,

402 1055 757 1142 quorum
807 1033 1236 1110 nominum
1283 1051 1747 1111 accuratam
1794 1025 2500 1158 investigationem
2548 1059 2757 1115 nunc
2805 1034 3120 1116 omitti-

398 1172 587 1229 mus
635 1205 665 1249 ‚
727 1173 825 1228 ne
873 1173 999 1229 ex
1018 1144 1201 1227 aliis
1277 1146 1365 1227 in
1437 1146 1635 1228 alias
1674 1173 1794 1229 res
1851 1146 2236 1229 continuo
2288 1148 2857 1259 abripiamur.
2931 1154 3126 1231 Bra-

415 1261 611 1346 chia
657 1262 867 1344 nuda
924 1261 1181 1345 sunt.
1237 1265 1473 1347 Nam
1521 1263 1624 1344 ab
1671 1262 2028 1345 humeris
2077 1263 2178 1347 ad
2226 1291 2518 1347 manus
2572 1263 3124 1395 dependentes

406 1381 747 1463 manicae
797 1380 917 1462 ita
972 1375 1231 1461 fibulis
1291 1378 1821 1462 nectebantur
1876 1439 1904 1483 ,
1965 1406 2055 1463 ut
2101 1410 2147 1464 a
2199 1381 2472 1465 tunica
2529 1383 2850 1494 quoties
2904 1381 3134 1466 lube·-

392 1521 527 1579 ret
586 1493 883 1578 auferri
966 1493 1319 1607 poffent.
1380 1495 1625 1579 Pedes
1671 1497 2112 1581 excalceati
2166 1496 2597 1601 videntur,
2641 1526 3114 1611 quanquam

389 1612 529 1697 vel
572 1611 990 1696 cothurnis
1034 1672 1091 1716 ,
1145 1612 1279 1695 vel
1332 1612 1681 1726 crepidis
1747 1615 2252 1698 Bacchantes
2318 1639 2796 1698 uterentur:
2865 1618 3112 1698 Vittae

389 1727 583 1813 sunt
629 1733 933 1813 circum
984 1756 1407 1842 tempora,
1463 1733 1539 1813 8(
1599 1730 1848 1821 nodus
1894 1731 2226 1843 capillos
2272 1732 2586 1865 colligit
2624 1793 2652 1836 ‚
2713 1735 2852 1845 qui
2902 1758 3111 1816 cete·

387 1846 863 1958 runiparfi.
919 1847 1384 1958 flu&-iant;
1407 1876 1661 1932 nam
1728 1846 1787 1930 fi
1837 1849 2137 1962 paffim
2181 1852 2523 1933 omnino
2584 1854 3110 1934 verberarent

390 1966 835 2068 humer08‚
900 1962 977 2046 id
1006 1962 1423 2068 furorem,
1487 1961 1615 2048 seu
1638 1966 1999 2050 dolorem
2033 1965 2580 2079 praeseferret,
2622 1994 2710 2050 ut
2735 1964 3113 2051 sexcenta

388 2080 691 2165 ostend
692 2105 826 2163 int
888 2076 1319 2165 Poetarum
1390 2084 1841 2195 exempla·
1818 2153 1844 2194 ,
1904 2113 2154 2193 quum
2215 2108 2495 2168 tamen
2552 2081 2956 2191 festivum,
2993 2085 3118 2166 hi-

394 2200 821 2311 laremque
868 2198 1142 2281 ludum
1204 2197 1584 2282 nostrum
1612 2196 2120 2312 raepresentet
2167 2199 2507 2284 saxum.

523 2319 708 2400 Nec
762 2314 961 2398 tolus
1020 2320 1373 2429 corporis
1423 2316 1749 2400 habitus
1794 2377 1822 2421 ,
1883 2313 2012 2400 sed
2073 2300 2630 2402 membrorum
2675 2300 2924 2402 etiam
2983 2318 3119 2400 fle·

388 2459 544 2516 xus
610 2438 998 2539 curium,
1056 2434 1131 2513 8<
1173 2435 1690 2517 saltationem
1739 2433 2131 2539 ostendit,
2188 2437 2476 2548 quibus
2522 2437 2605 2516 in
2659 2439 2885 2517 rebus
2927 2439 3117 2516 Bac·

392 2554 535 2634 chi
575 2553 831 2634 cultus
857 2554 1121 2637 omnis
1173 2549 1638 2636 consistebat
1665 2611 1721 2654 ‚
1754 2578 1842 2635 ut
1880 2556 2278 2663 Lucianus
2322 2551 2668 2634 ostendit
2724 2545 2846 2662 (n)
2899 2547 3106 2633 hisce
3148 2561 3232 2629 [n]
3271 2555 3550 2630 Dvsdm-

389 2669 716 2749 verbis.
774 2664 870 2751 τοὶ
924 2667 1057 2807 μὲν
1118 2660 1562 2753 Ammo-fam
1629 2682 1685 2781 ²(
1748 2663 2094 2811 βαίιχικοι
2153 2663 2359 2752 οἶμαι
2419 2700 2514 2752 σε
2578 2665 2678 2758 wi
2741 2659 3119 2775 πεμαένε-ιν

379 2781 528 2895 ἔμς
592 2779 905 2887 αέα-ια,
965 2777 1083 2869 ὅτι
1143 2780 1435 2915 &fixas-13
1498 2784 1718 2870 noi-m
1757 2781 1887 2878 η’ν.
1953 2784 2409 2895 Dionysiaca
2471 2815 2702 2889 vero,
2724 2777 2863 2865 vel
2910 2787 3108 2865 Bac-

384 2902 609 2985 chica
655 2899 1007 3010 universa
1032 2933 1316 2984 merum
1359 2896 1613 3020 juisse
1640 2898 2363 3016 saltationisgenus‚
2394 2934 2656 3007 nemo,
2717 2927 2804 2982 ut
2824 2903 3108 3015 opinor,

370 3022 442 3101 'a
490 3049 605 3102 me
657 3019 917 3101 audire
956 3023 1783 3134 expec‘lat.1d1pium
1832 3048 1931 3102 ex
1974 3023 2222 3104 variis
2248 3022 2544 3104 Graecis
2567 3021 3112 3134 epigramma-

391 3140 631 3221 tibus
660 3199 686 3241 ‚
750 3137 1173 3250 multiique
1221 3140 1510 3221 Nonni
1571 3139 1783 3250 locis·
1809 3137 2221 3251 colligitur
2259 3197 2281 3220 .

515 3257 709 3339 Haec
771 3255 1347 3342 in‘universum
1393 3254 1587 3337 istud
1636 3255 2247 3366 anaglypticum
2295 3282 2493 3365 opus
2543 3253 2659 3336 ita
2707 3252 2917 3337 dicia
2961 3283 3108 3365 pro

385 3370 659 3455 nostro
719 3372 1036 3454 modulo
1084 3369 1370 3455 sunto·
1458 3372 1902 3483 Reliquum
1965 3368 2135 3473 est,
2230 3395 2320 3452 ut
2374 3370 2635 3453 adhuc
2695 3398 2911 3453 circa
2962 3367 3109 3450 fin-

391 3492 657 3606 gulas·
684 3490 849 3599 ejus
894 3515 1160 3601 partes
1220 3487 1523 3603 aliquid
1594 3486 1976 3572 addamus
2011 3547 2039 3591 ,
2120 3486 2197 3568 8<
2252 3486 2447 3601 quid
2482 3484 3099 3599 uniuscujusque

386 3609 759 3689 mulieris
813 3631 1355 3706 ornamenta,
1413 3606 1490 3685 δε
1526 3635 1755 3690 arma
1810 3604 1947 3688 fibi
1998 3603 2312 3710 velint,
2373 3605 2926 3716 explicemus,

519 3725 966 3807 Ordiamur
1003 3752 1050 3807 a
1102 3725 1439 3806 Prima.
1524 3725 1738 3805 Tres
1800 3724 2159 3804 maxime
2240 3750 2363 3803 res
2409 3721 2630 3803 illam
2682 3719 3108 3803 secernunt

392 3871 449 3928 a
491 3842 820 3955 reliquis
865 3899 893 3945 ,
954 3842 1033 3924 8<
1078 3869 1243 3952 prae
1291 3838 1615 3951 reliquis
1661 3829 2177 3951 spestabilem
2222 3836 2552 3922 faciunt
2587 3897 2614 3940 ,
2685 3836 2894 3921 faces
2939 3897 2968 3939 ,
3027 3838 3109 3920 8<

391 3957 808 4071 serpentes
860 4018 887 4059 ,
945 3960 1022 4040 8<
1076 3955 1375 4040 monile
1415 3958 1876 4068 dependens
1923 3984 1969 4039 a
2017 3955 2226 4039 collo
2275 3981 2468 4039 ante
2528 3952 2796 4067 peRus
2839 3952 3105 4040 decul-
3163 3949 3170 3956 ’

381 4074 714 4159 satum:
801 4078 1046 4158 Faces
1098 4074 1374 4156 multis
1429 4074 1527 4156 de
1589 4071 1831 4158 causls
1888 4077 2292 4177 CereriS,
2382 4072 2783 4158 Bacchive
2867 4072 3105 4153 {acris

382 4195 889 4278 conveniunt
938 4250 966 4297 ,
1026 4192 1099 4270 &
1165 4192 1247 4272 in
1300 4191 1395 4272 iis
1458 4190 1658 4272 olim
1709 4193 1891 4271 lunt
1941 4192 2378 4302 uiurpatae.
2436 4172 2915 4271 Neceffariae
2949 4186 3104 4293 pri·

388 4339 531 4394 rno
593 4307 812 4394 fuere
881 4366 937 4414 ‚
978 4336 1254 4421 quum
1327 4302 1594 4389 nocqe
1636 4303 2083 4424 hujulmodi
2174 4304 2468 4390 fierent
2511 4306 3102 4388 celebritates·

374 4425 793 4513 Eleufinia
864 4423 1255 4540 nosturna
1304 4421 1525 4510 fuisse
1588 4425 1891 4508 Seneca
1950 4422 2185 4507 docet
2227 4426 2316 4505 in
2363 4422 2716 4504 Hercule
2773 4415 3094 4503 furente

377 4546 517 4631 his
578 4544 843 4629 verbis
876 4599 924 4664 .-

2713 4777 3055 4898 ,Quanta
