4484 5850
442 433 473 458 ..

423 521 525 602 ’‘²‘'-
933 581 938 586 -
1211 543 1218 550 ·
1792 541 1868 623 x
1891 540 1972 623 X
1997 542 2063 621 1.

1338 1124 1343 1165 ³
1427 1115 1763 1201 incisam
1814 1114 2064 1204 edidit
2111 1117 2249 1201 Cl.
2286 1117 2672 1201 Marchio
2720 1119 3095 1228 Maffejus
3127 1182 3155 1230 ,

1338 1218 1343 1291 f
1428 1234 1506 1315 8<
1562 1235 1767 1317 meri
1828 1257 2159 1318 tantum
2219 1235 2692 1319 ornamenti
2753 1235 3006 1321 caussa
3065 1240 3156 1323 in

1428 1374 1772 1461 utraque
1830 1348 1973 1433 suae
2032 1354 2374 1434 Verona:
2399 1348 2815 1435 Illustratae
2874 1353 3158 1441 editio·

1340 1508 1345 1527 ·
1433 1497 1538 1553 ne
1573 1467 1698 1580 uad
1759 1467 2018 1552 Partis
2067 1472 2215 1551 ΙΙΙ.
2275 1471 2484 1580 Cap.
2531 1472 2640 1550 ΙΙ.
2698 1466 2945 1582 finem
3008 1473 3158 1555 im-

1338 1648 1344 1689 ,
1432 1586 1679 1698 primi
1731 1585 2053 1668 curavit
2099 1644 2129 1692 ‚
2197 1584 2517 1669 nullum
2577 1585 2795 1668 ultra
2855 1586 3153 1671 addens

884 1790 945 1813 m
1112 1789 1148 1807 x
1336 1690 1342 1755 '
1429 1702 1771 1786 verbum
1820 1729 1842 1781 z
1889 1699 2131 1784 -illius
2174 1704 2435 1786 etiam
2496 1703 3003 1787 mentionem
3049 1702 3154 1789 fe-

494 1868 697 1888 ...,
838 1885 847 1888 -
900 1830 941 1874 *2
1214 1888 1217 1890 Α
1429 1820 1544 1903 cit
1602 1821 1687 1904 in
1736 1821 2324 1933 nuncupatoria
2384 1818 2724 1902 historiae
2755 1818 3153 1932 diploma·

412 1931 595 2016 ticae
656 1934 757 2020 ad
819 1942 1138 2051 Regem
1186 1936 1639 2030 ViRorium
1691 1933 2148 2019 Amedeum
2209 1932 2595 2047 epistola.
2702 1989 2710 1997 -

552 2052 875 2163 Jupiter
937 2057 1024 2136 in
1079 2082 1179 2137 ea
1237 2051 1402 2161 jam
1464 2050 1727 2135 senior
1780 2110 1809 2157 ‚
1893 2051 2278 2135 barbam-s
2324 2109 2352 2157 ,
2430 2047 2888 2135 seminudus
2932 2111 2959 2159 ,
3039 2049 3156 2138 se··

408 2161 608 2246 dens
669 2192 1074 2283 tanquam
1139 2168 1367 2253 fessus
1429 2228 1457 2277 ,
1537 2165 1962 2280 hastaeque·
2006 2169 2336 2251 innixus
2414 2165 2884 2280 conspicuus
2941 2166 3053 2252 est
3110 2229 3138 2277 ,

406 2281 708 2392 qualis,
751 2286 837 2369 in
902 2284 1524 2371 numismatibus
1582 2344 1612 2391 ,
1685 2284 1766 2365 8<
1828 2285 2366 2367 marmoribus
2447 2307 2613 2365 non
2679 2284 2954 2398 paucis
3014 2314 3139 2371 oc·

410 2400 662 2483 currit
724 2457 749 2481 .
834 2399 1180 2487 Adstant
1243 2400 1570 2486 hastata
1621 2398 1787 2482 duae
1836 2399 2209 2484 mulieres
2252 2459 2282 2506 ,
2337 2396 2466 2481 seu
2514 2401 2707 2484 Deae
2769 2430 2789 2482 z
2871 2400 3135 2488 altera

404 2513 619 2624 pube
683 2541 917 2601 tenus
984 2518 1198 2603 nuda
1256 2578 1286 2626 ‚
1367 2520 1655 2602 dextra
1715 2517 2000 2599 laevum
2061 2516 2283 2630 Jovis
2342 2514 2773 2599 humerum
2838 2537 3131 2626 tenet,

405 2629 602 2736 lava
641 2634 854 2746 quid
916 2633 1215 2721 habeat
1275 2637 1564 2720 tritum
1626 2632 1908 2717 saxum
1966 2630 2180 2716 scire‘
2223 2656 2457 2717 vetat
2520 2659 2541 2713 t
2610 2633 2871 2717 altera
2935 2663 3133 2720 vero
3296 2721 3307 2734 ,

405 2748 647 2859 peplo
712 2751 954 2835 talari
1016 2751 1304 2837 induta
1363 2748 1664 2852 sinistra
1728 2747 1962 2833 hastae
2009 2747 2310 2833 itidem·
2345 2750 2783 2856 innititur,
2843 2738 3132 2838 dextra

407 2863 752 2975 pallium
815 2869 937 2951 ita
996 2866 1436 2980 sustentat,
1495 2891 1582 2954 ut
1635 2866 2009 2976 dubites,
2066 2865 2427 2955 humeris
2485 2893 2587 2951 ne
2631 2864 3130 2979 detraxerit,

401 3006 510 3077 an
567 2980 664 3067 fit
725 2983 1254 3097 impositura.
1601 3006 1614 3021 ’

524 3102 675 3182 Hae
735 3129 927 3185 vero
988 3102 1226 3188 hastae
1285 3132 1433 3189 nec
1494 3102 2089 3188 Bacchantium
2153 3100 2444 3212 thyrsis
2487 3160 2514 3208 ‚
2576 3127 2726 3186 nec
2786 3101 3125 3189 bellato-

404 3243 590 3300 rum
652 3215 898 3301 hastis
955 3217 1135 3304 sunt
1197 3218 1491 3304 ssmiles
1536 3277 1563 3325 ,
1638 3216 1767 3302 sed
1827 3217 2161 3323 sceptris
2223 3220 2492 3330 potius
2537 3276 2564 3324 ,
2627 3244 2800 3329 quae
2856 3221 3046 3302 Diis
3091 3279 3122 3327 ‚

403 3332 895 3447 Deabusque
958 3394 985 3442 ‚
1067 3338 1424 3451 Regibus
1484 3363 1576 3418 ac
1636 3335 1980 3447 Reginis
2017 3392 2044 3440 ‚
2103 3333 2184 3414 8<
2242 3332 2805 3418 Sacerdotibus
2867 3334 3119 3418 tribui

398 3446 962 3537 solita.Poetae
1025 3480 1164 3536 nos
1225 3511 1248 3547 ‚
1336 3454 1415 3535 8<
1473 3448 1831 3535 historici
1906 3448 2375 3563 frequenter
2434 3449 2729 3532 docent
2789 3505 2813 3530 .
2899 3451 3119 3532 Con·

400 3563 727 3649 suevere
788 3571 1107 3680 antiqui
1170 3566 1484 3679 sceptra
1545 3591 1687 3652 aut
1752 3592 2050 3680 pom0,
2115 3590 2256 3650 aut
2320 3567 2704 3661 floribus,
2765 3589 2908 3649 aut
2951 3568 3115 3650 alio

401 3679 772 3790 symbolo
836 3684 1270 3797 insignire,
1331 3686 1603 3771 iat-ait
1666 3681 2185 3786 Eustathius,
2244 3681 2543 3765 addens
2602 3679 2998 3793 sceptrum
3062 3711 3114 3768 a

405 3796 785 3910 Scipione
843 3800 1221 3916 distingui
1284 3799 1870 3914 a.Geographo
1917 3797 2468 3913 (Strabonem
2503 3795 2839 3881 fortassis
2871 3798 3113 3883 intel-

402 3911 664 4028 ligit)
721 3917 862 4029 qui
925 3923 1245 4030 Regum
1308 3918 1508 4002 alios
1567 3915 1881 4027 scept'ro
1928 3974 1951 4011 ‚
2013 3916 2390 4027 Scipione
2448 3915 2647 4001 alios
2704 3912 2874 4000 usos
2932 3913 3112 3998 fuis·

395 4026 476 4113 se
536 4029 931 4144 scripserit
977 4093 997 4116 .
1068 4035 1498 4146 Scipiones·
1541 4030 1857 4116 fortasse
1916 4031 2393 4115 dicebantur
2450 4033 2784 4143 Sceptra
2846 4032 3112 4116 minus

391 4145 661 4261 polita
704 4207 734 4254 ,
799 4146 970 4262 quae
1032 4153 1290 4265 magis
1363 4150 1462 4234 ad
1525 4146 2115 4233 sustentandum
2153 4174 2466 4259 ⁴corpus
2523 4173 2772 4260 quam
2827 4144 2928 4228 ad
2987 4174 3113 4229 or-

397 4288 693 4350 natum
755 4266 1347 4353 adhibebantur
1408 4326 1427 4346 .
1513 4265 1754 4349 Talis
1806 4261 2021 4346 fuiffe
2085 4262 2408 4349 videtur
2483 4263 2621 4347 ille
2701 4260 3096 4346 eburneus

393 4380 729 4489 Scipin,
786 4409 1030 4494 quem
1082 4382 1320 4467 Gallo
1363 4382 1705 4471 barbam
1741 4370 1967 4483 suam
2029 4379 2489 4493 promissam
2552 4376 3095 4494 permulcenti
3251 4484 3261 4492 ἱ

389 4495 651 4608 capiti
716 4497 1026 4583 incussit
1087 4504 1211 4582 M.
1272 4499 1638 4611 Papirius
1678 4556 1705 4604 ,
1775 4495 1996 4606 cujus
2056 4495 2311 4581 caussa
2373 4499 2622 4581 ceteri
2677 4493 3024 4579 seniores
3064 4553 3094 4602 ,

392 4615 540 4723 qui
604 4616 872 4727 Roma
931 4615 1189 4700 Gallis
1246 4615 1736 4703 irruentibus
1814 4642 1862 4701 a
1922 4612 2349 4723 juventute
2429 4615 2517 4700 in
2579 4608 3092 4728 Capitolium

509 4800 518 4809 .
628 4728 1030 4835 Tam-II...
2008 4734 2093 4817 A
2798 4752 2978 4811 con·
