4484 5850
2820 471 2948 564 ‘79

367 587 604 652 natus
675 571 760 655 in
808 567 1251 683 Virgilium
1298 626 1321 650 .
1403 566 1776 653 Eundem
1846 568 2199 666 immitet
2258 587 2499 654 vocat
2559 568 2955 681 Orpheus·
2980 572 3063 652 in

364 683 665 791 hymno
721 748 748 792 ,
828 687 1048 800 quasi
1111 685 1641 770 torcularium
1697 685 2095 801 praefidem
2145 747 2172 793 ‚
2254 688 2329 770 8<
2404 684 2684 770 festiva
2747 688 3063 773 Baccho

355 800 537 883 dum
595 829 1095 916 premeretur
1143 806 1427 887 vinum
1451 804 1890 890 decantata
1911 808 2276 890 carmina
2331 799 2648 897 ἐπίληνοι
2708 797 2894 918 ὕμνοι
2959 805 3062 889 ab

354 922 868 1006 Anacreonte
921 920 1353 1004 dicuntur.
1409 1023 1421 1034 ·
1657 1025 1664 1032 .
1741 923 1756 966 ·“’

459 1040 646 1122 Nec
715 1042 980 1122 minus
1038 1037 1248 1151 apud
1326 1043 1746 1125 Romanos
1799 1039 2218 1126 vindemia
2284 1038 2499 1124 sacra
2546 1041 2999 1125 habebatur
3033 1100 3061 1146 ,

347 1149 652 1264 ejusque
716 1188 859 1238 non
918 1150 1120 1238 levis
1177 1187 1356 1237 cura
1400 1152 1572 1264 fuit
1634 1161 1717 1239 in
1775 1162 2013 1242 ·Latio
2056 1185 2206 1265 ,ut
2247 1163 2509 1242 Varro
2561 1159 2890 1242 testatur
2917 1157 3059 1269 [c],
3097 1157 3187 1284 [εἰ
3220 1155 3354 1285 ἑῑὲ
3406 1157 3461 1214 V·

345 1270 539 1354 adeo
596 1296 687 1354 ut
766 1273 1078 1386 aliquot
1173 1275 1260 1356 in
1332 1275 1520 1359 locis
1599 1275 2027 1360 vindemiae
2094 1278 2451 1390 primum
2525 1305 2570 1358 a
2638 1275 3058 1359 Sacerdoti·
3269 1268 3285 1284 ’

344 1384 470 1467 bus
537 1385 842 1502 publice
904 1390 1199 1501 fierent
1248 1450 1275 1496 ,
1374 1396 1654 1476 Romae
1722 1422 1922 1477 vero
1989 1394 2335 1478 Flamen
2384 1392 2654 1477 Dialis
2738 1393 3058 1478 easdem

348 1503 895 1618 auspicaretur
931 1568 954 1592 .
1015 1513 1134 1592 At
1199 1507 1419 1593 sacra
1504 1513 1928 1624 primum,
1986 1535 2080 1595 ut
2175 1537 2277 1593 ex
2359 1511 2750 1594 Varronis
2807 1513 3063 1595 citato

342 1621 511 1708 loco
571 1651 808 1736 patet
843 1687 870 1733 ‚
950 1628 1184 1742 Jovi,
1225 1654 1386 1710 non
1441 1630 1758 1714 Baccho
1805 1629 2216 1712 vindemia
2275 1625 2430 1711 fuit
2478 1685 2501 1709 .
2597 1633 2727 1711 Ita
2795 1628 2977 1712 sane
3014 1681 3062 1737 ·,

342 1767 534 1823 narn
599 1744 685 1823 8(
752 1771 845 1827 ea
908 1745 1219 1828 vinalia
1255 1804 1283 1851 ‚
1336 1775 1507 1858 quae
1554 1751 1698 1829 IX.
1758 1747 1943 1832 Cal.
1993 1743 2261 1855 Majas
2304 1747 2609 1828 Veneri
2673 1806 2701 1852 ,
2783 1748 2860 1829 8<
2909 1775 3059 1850 ea,

336 1887 500 1970 quae
577 1864 822 1943 XIV.
907 1863 1095 1946 Cal.
1177 1865 1399 1973 Sept.
1479 1860 1782 1949 fiebant
1836 1925 1862 1968 ‚
1930 1862 2028 1947 de
2107 1864 2395 1977 quibus
2458 1867 2719 1948 Varro
2764 1924 2794 1968 ,
2875 1867 3061 1977 Jovi

334 1975 544 2059 sacra
609 1975 832 2062 fuisse
883 2004 1198 2063 certum
1257 1976 1367 2062 est
1413 1979 2048 2092 apuderuditos.
2108 1986 2414 2064 Verum
2468 1980 2845 2095 deinceps
2899 1987 3062 2065 Ro·

337 2122 478 2176 mae
530 2097 694 2178 coli
754 2122 1082 2209 ceptum
1145 2097 1637 2181 x’tindemiale
1698 2097 1981 2182 festum
2036 2097 2332 2180 Libero
2394 2095 2702 2181 sacrum
2749 2158 2776 2204 ,
2837 2098 3063 2206 cujus

333 2209 743 2298 austorem
801 2215 1102 2329 Juliutn
1148 2212 1543 2299 Caesarem
1594 2213 1787 2299 facit
1835 2217 2156 2300 Servius
2204 2214 2303 2298 de
2359 2214 2691 2299 Caesaris
2758 2241 3054 2320 morte,

334 2331 711 2442 quintam
770 2333 1184 2446 explicans
1243 2333 1574 2446 Virgilii
1616 2332 2010 2448 Eglogam
2048 2393 2076 2439 ,
2157 2355 2248 2415 ut
2311 2360 2407 2415 ex
2468 2333 3056 2447 interpretibus

333 2448 568 2534 multi
605 2508 632 2532 .
691 2453 823 2534 En
863 2459 1125 2534 Poetae
1170 2448 1434 2557 versus
1467 2510 1496 2556 ‚
1554 2454 1632 2535 8<
1691 2454 2168 2563 interpretis
2214 2451 2505 2533 verba.

551 2681 913 2799 Daphnis
958 2745 987 2792 ,
1044 2682 1145 2768 (9⁴
1205 2688 1624 2769 Armenias
1683 2717 1902 2770 curru
1948 2682 2397 2799 subjungere
2456 2685 2696 2801 tigres

443 2909 454 2918 ³
552 2803 969 2912 Instituit,
1030 2798 1394 2920 Daphnis
1437 2804 1721 2914 thiasos
1769 2803 2115 2886 inducere
2176 2801 2471 2886 Baccho
2499 2865 2529 2912 ‚

515 2925 684 3014 ,Et
726 2916 949 3035 foliis
1007 2914 1256 3007 lentes
1315 2925 1657 3008 intexere
1716 2918 2056 3007 mollibus
2115 2919 2369 3037 hastas
2393 2980 2420 3006 .

436 3162 612 3244 Hoc
667 3182 929 3271 aperte
986 3158 1092 3242 ad
1148 3158 1526 3271 Caesarem
1580 3160 1928 3276 pertinet
1970 3221 1998 3268 ‚
2079 3191 2303 3271 quem
2365 3159 2656 3272 constat
2701 3161 3047 3277 primum

316 3276 524 3385 sacra
585 3276 858 3361 Liberi
908 3280 1161 3394 patris
1221 3275 1709 3396 transtuliſj'e
1770 3282 2100 3360 Romam
2125 3337 2147 3360 .

325 3466 336 3481 .
429 3400 568 3481 Ne
622 3406 897 3481 tamen
938 3402 1059 3482 ita
1103 3399 1267 3480 haec
1314 3398 1578 3481 Servii
1619 3398 1871 3479 verba
1915 3393 2320 3510 quispiam
2365 3395 2711 3509 accipiat
2741 3457 2764 3502 ,
2814 3392 3069 3508 quasi'

328 3537 492 3598 tum
544 3516 910 3628 primum
953 3516 1359 3599 Liberalia
1406 3520 1766 3599 Romam
1825 3511 2136 3597 fuerint
2182 3512 2416 3597 illata
2459 3529 2501 3620 ,‘
2546 3542 2716 3626 quae
2792 3515 2880 3595 in
2944 3511 3038 3594 li-

325 3629 507 3716 bera
550 3632 1013 3744 Republica
1062 3631 1374 3746 pridem
1421 3635 1857 3746 viguerunt
1896 3693 1924 3740 ‚
1982 3633 2060 3714 8<
2122 3633 2208 3714 in
2274 3636 2455 3716 XV.
2510 3631 2698 3716 Cal.
2724 3629 3037 3744 Aprilis

325 3749 788 3834 incidebant
855 3756 912 3832 .”
998 3750 1151 3834 Sed
1233 3779 1451 3834 nova
1525 3748 1793 3845 Caesar
1871 3749 2283 3834 Liberalia
2359 3745 2758 3853 instituit,
2866 3774 3041 3862 quae

323 3864 622 3979 Lipsius
662 3868 877 3952 notis
938 3868 1024 3950 in
1088 3870 1370 3967 Taciti
1429 3869 1854 3952 annalibus
1903 3863 2026 3979 (d)
2091 3894 2256 3950 non
2305 3866 2465 3950 alia
2540 3863 2762 3949 fuisse
2851 3854 3456 3950 oen,[d11‚tb.x1.

325 3987 430 4067 1et
517 3988 622 4068 ab
708 3986 850 4068 illo
898 3984 1321 4067 vindemiat
1381 3983 1597 4070 sacro
1637 4047 1665 4089 ,
1746 3985 1959 4099 quod
2027 3987 2369 4068 Tacitus
2418 3985 2803 4066 meminit
2888 3983 3037 4064 im-

328 4100 895 4211 pudentiffimae
955 4099 1391 4187 Messalinae
1456 4102 2360 4215 Claudiilmperatoris
2417 4099 2771 4209 conjugis
2852 4102 3042 4181 Bac-

327 4217 641 4304 chantis
679 4220 1121 4306 fanaticum
1150 4218 1506 4303 furorem
1534 4223 1652 4302 ita
1676 4219 2123 4303 describens
2148 4276 2170 4297 .
2205 4224 2325 4297 At
2349 4208 2782 4329 Messalina
2819 4208 3034 4293 adnl-

323 4357 395 4413 το
452 4365 813 4419 autumno
889 4332 1394 4448 stmulacrum
1452 4334 1861 4419 vindemiae
1936 4355 2088 4446 per'
2160 4331 2465 4412 domum
2532 4326 2956 4411 celebrabat
2994 4361 3025 4412 .·

320 4454 562 4564 urgeri
642 4452 876 4570 praela
939 4517 966 4563 ,
1050 4451 1306 4565 fluere
1387 4448 1590 4534 lacus
1655 4511 1682 4557 ‚
1764 4451 1864 4534 &⁴
1932 4449 2249 4561 femina·
2316 4441 2645 4562 pellibus
2717 4446 3025 4528 accintae

320 4566 785 4679 affultabant
828 4634 855 4680 ‚
915 4598 1003 4654 ut
1049 4569 1570 4682 sacrificantes
1612 4631 1641 4676 ‚
1720 4565 1854 4651 vel
1914 4565 2385 4678 insanientes
2409 4559 2719 4646 Baccbae
2748 4621 2770 4644 .
2832 4561 3019 4675 Ipsa

317 4688 514 4771 crine
580 4689 804 4805 fluxo
830 4752 836 4759 ·
866 4751 896 4799 ,
967 4688 1454 4802 thyrsumque
1535 4686 1889 4800 quatiens
1946 4745 1973 4793 ‚
2037 4707 2415 4796 Juxtaque
2461 4676 2698 4763 Silius
2740 4676 3017 4809 hedera

2716 4825 2897 4881 vm·
