<?xml version="1.0" encoding="UTF-8"?>
<!DOCTYPE html PUBLIC "-//W3C//DTD XHTML 1.0 Transitional//EN"
    "http://www.w3.org/TR/xhtml1/DTD/xhtml1-transitional.dtd">
<html xmlns="http://www.w3.org/1999/xhtml" xml:lang="en" lang="en">
 <head>
  <title>
</title>
<meta http-equiv="Content-Type" content="text/html;charset=utf-8" />
  <meta name='ocr-system' content='tesseract 3.04.00' />
  <meta name='ocr-capabilities' content='ocr_page ocr_carea ocr_par ocr_line ocrx_word'/>
</head>
<body>
  <div class='ocr_page' id='page_1' title='image "./marmorataurinen00ricogoog_0300.png"; bbox 0 0 4484 5850; ppageno 0'>
   <div class='ocr_carea' id='block_1_1' title="bbox 867 403 4104 2181">
    <p class='ocr_par' dir='ltr' id='par_1_1' title="bbox 1466 403 1635 491">
     <span class='ocr_line' id='line_1_1' title="bbox 1466 403 1635 491; baseline 0.012 -2"><span class='ocrx_word' id='word_1_1' title='bbox 1466 426 1512 489; x_wconf 82' lang='lat'>2</span> <span class='ocrx_word' id='word_1_2' title='bbox 1584 403 1635 491; x_wconf 82' lang='lat'><em>8</em></span> 
     </span>
    </p>

    <p class='ocr_par' dir='ltr' id='par_1_2' title="bbox 867 432 4104 2059">
     <span class='ocr_line' id='line_1_2' title="bbox 1348 432 4073 644; baseline 0.001 -34"><span class='ocrx_word' id='word_1_3' title='bbox 1348 432 1790 610; x_wconf 71' lang='lat' dir='ltr'>verb30ru&#39;m</span> <span class='ocrx_word' id='word_1_4' title='bbox 1821 580 1847 633; x_wconf 92' lang='lat'>,</span> <span class='ocrx_word' id='word_1_5' title='bbox 1897 522 2034 638; x_wconf 82' lang='lat' dir='ltr'>qui</span> <span class='ocrx_word' id='word_1_6' title='bbox 2083 521 2168 608; x_wconf 85' lang='lat' dir='ltr'>in</span> <span class='ocrx_word' id='word_1_7' title='bbox 2198 521 2640 609; x_wconf 75' lang='lat' dir='ltr'><em>Provinciis</em></span> <span class='ocrx_word' id='word_1_8' title='bbox 2682 518 3160 611; x_wconf 81' lang='lat' dir='ltr'><em>domicilium</em></span> <span class='ocrx_word' id='word_1_9' title='bbox 3232 516 3608 607; x_wconf 73' lang='lat' dir='ltr'>bal-ebant</span> <span class='ocrx_word' id='word_1_10' title='bbox 3634 585 3659 609; x_wconf 90' lang='lat'><strong>.</strong></span> <span class='ocrx_word' id='word_1_11' title='bbox 3702 528 3895 644; x_wconf 80' lang='lat' dir='ltr'>Quo</span> <span class='ocrx_word' id='word_1_12' title='bbox 3936 553 4073 613; x_wconf 85' lang='lat' dir='ltr'>no·</span> 
     </span>
     <span class='ocr_line' id='line_1_3' title="bbox 1353 642 4075 759; baseline 0 -31"><span class='ocrx_word' id='word_1_13' title='bbox 1353 645 1581 728; x_wconf 86' lang='lat' dir='ltr'>mine</span> <span class='ocrx_word' id='word_1_14' title='bbox 1630 671 1915 728; x_wconf 91' lang='lat' dir='ltr'>omnes</span> <span class='ocrx_word' id='word_1_15' title='bbox 1962 647 2305 758; x_wconf 87' lang='lat' dir='ltr'>Imperii</span> <span class='ocrx_word' id='word_1_16' title='bbox 2360 646 2727 729; x_wconf 89' lang='lat' dir='ltr'>Romani</span> <span class='ocrx_word' id='word_1_17' title='bbox 2785 642 3078 728; x_wconf 89' lang='lat' dir='ltr'>subditi</span> <span class='ocrx_word' id='word_1_18' title='bbox 3118 644 3752 759; x_wconf 84' lang='lat' dir='ltr'>appellabantur</span> <span class='ocrx_word' id='word_1_19' title='bbox 3798 670 4075 759; x_wconf 82' lang='lat' dir='ltr'>praeter</span> 
     </span>
     <span class='ocr_line' id='line_1_4' title="bbox 867 751 4077 899; baseline 0.001 -53"><span class='ocrx_word' id='word_1_20' title='bbox 867 751 1166 899; x_wconf 53' lang='lat' dir='ltr'>[UT-{⁸3⁵-</span> <span class='ocrx_word' id='word_1_21' title='bbox 1216 751 1286 815; x_wconf 55' lang='grc' dir='ltr'>ἢ·</span> <span class='ocrx_word' id='word_1_22' title='bbox 1357 762 1612 847; x_wconf 91' lang='lat' dir='ltr'>Italos</span> <span class='ocrx_word' id='word_1_23' title='bbox 1659 756 1832 873; x_wconf 85' lang='lat' dir='ltr'>[l]&#39;,</span> <span class='ocrx_word' id='word_1_24' title='bbox 1887 789 2141 877; x_wconf 89' lang='lat' dir='ltr'>quare</span> <span class='ocrx_word' id='word_1_25' title='bbox 2192 762 2656 847; x_wconf 85' lang='lat' dir='ltr'>Columella</span> <span class='ocrx_word' id='word_1_26' title='bbox 2719 760 2860 845; x_wconf 90' lang='lat' dir='ltr'>lib.</span> <span class='ocrx_word' id='word_1_27' title='bbox 2916 787 2991 846; x_wconf 88' lang='lat'>1.</span> <span class='ocrx_word' id='word_1_28' title='bbox 3041 791 3218 875; x_wconf 86' lang='lat' dir='ltr'>cap.</span> <span class='ocrx_word' id='word_1_29' title='bbox 3264 792 3345 870; x_wconf 84' lang='lat'>4.</span> <span class='ocrx_word' id='word_1_30' title='bbox 3418 766 3842 846; x_wconf 85' lang='lat' dir='ltr'>vinearum</span> <span class='ocrx_word' id='word_1_31' title='bbox 3898 769 4077 848; x_wconf 89' lang='lat' dir='ltr'>Pro-</span> 
     </span>
     <span class='ocr_line' id='line_1_5' title="bbox 1087 864 4084 987; baseline -0 -22"><span class='ocrx_word' id='word_1_32' title='bbox 1087 864 1104 884; x_wconf 75' lang='grc'><strong>’</strong></span> <span class='ocrx_word' id='word_1_33' title='bbox 1357 880 1841 965; x_wconf 80' lang='lat' dir='ltr'>vincialium</span> <span class='ocrx_word' id='word_1_34' title='bbox 1909 880 2320 966; x_wconf 89' lang='lat' dir='ltr'>culturam</span> <span class='ocrx_word' id='word_1_35' title='bbox 2377 879 2662 987; x_wconf 86' lang='lat' dir='ltr'>docet,</span> <span class='ocrx_word' id='word_1_36' title='bbox 2722 908 2903 963; x_wconf 88' lang='lat' dir='ltr'>cum</span> <span class='ocrx_word' id='word_1_37' title='bbox 2963 882 3160 965; x_wconf 88' lang='lat' dir='ltr'>alibi</span> <span class='ocrx_word' id='word_1_38' title='bbox 3228 880 3329 966; x_wconf 91' lang='lat' dir='ltr'>de</span> <span class='ocrx_word' id='word_1_39' title='bbox 3394 881 3866 965; x_wconf 84' lang='lat' dir='ltr'>Italicarum</span> <span class='ocrx_word' id='word_1_40' title='bbox 3926 880 4084 967; x_wconf 90' lang='lat' dir='ltr'>cul-</span> 
     </span>
     <span class='ocr_line' id='line_1_6' title="bbox 1354 992 4084 1115; baseline 0 -33"><span class='ocrx_word' id='word_1_41' title='bbox 1354 1018 1540 1083; x_wconf 86' lang='lat' dir='ltr'>tura</span> <span class='ocrx_word' id='word_1_42' title='bbox 1607 1022 1803 1115; x_wconf 87' lang='lat' dir='ltr'>agat</span> <span class='ocrx_word' id='word_1_43' title='bbox 1847 1054 1872 1080; x_wconf 89' lang='grc'><strong>.</strong></span> <span class='ocrx_word' id='word_1_44' title='bbox 1953 996 2128 1084; x_wconf 83' lang='lat' dir='ltr'>Etfi</span> <span class='ocrx_word' id='word_1_45' title='bbox 2190 1023 2387 1084; x_wconf 90' lang='lat' dir='ltr'>vero</span> <span class='ocrx_word' id='word_1_46' title='bbox 2454 996 2623 1112; x_wconf 87' lang='lat' dir='ltr'>post</span> <span class='ocrx_word' id='word_1_47' title='bbox 2687 1000 3102 1084; x_wconf 88' lang='lat' dir='ltr'>Antonini</span> <span class='ocrx_word' id='word_1_48' title='bbox 3175 992 4084 1104; x_wconf 47' lang='lat' dir='ltr'>constitutionemssam</span> 
     </span>
     <span class='ocr_line' id='line_1_7' title="bbox 1243 1114 4088 1232; baseline 0.001 -32"><span class='ocrx_word' id='word_1_49' title='bbox 1243 1178 1248 1185; x_wconf 87' lang='lat'><em>-</em></span> <span class='ocrx_word' id='word_1_50' title='bbox 1355 1114 1689 1224; x_wconf 90' lang='lat' dir='ltr'>Italici,</span> <span class='ocrx_word' id='word_1_51' title='bbox 1746 1144 1997 1230; x_wconf 89' lang='lat' dir='ltr'>quam</span> <span class='ocrx_word' id='word_1_52' title='bbox 2047 1117 2598 1202; x_wconf 86' lang='lat' dir='ltr'>Provinciales</span> <span class='ocrx_word' id='word_1_53' title='bbox 2655 1116 2936 1202; x_wconf 87' lang='lat' dir='ltr'>eadem</span> <span class='ocrx_word' id='word_1_54' title='bbox 2964 1117 3340 1203; x_wconf 86' lang='lat' dir='ltr'>Civitate</span> <span class='ocrx_word' id='word_1_55' title='bbox 3385 1121 3763 1201; x_wconf 86' lang='lat' dir='ltr'>Romana</span> <span class='ocrx_word' id='word_1_56' title='bbox 3800 1119 4088 1232; x_wconf 82' lang='lat' dir='ltr'>gaude·</span> 
     </span>
     <span class='ocr_line' id='line_1_8' title="bbox 1360 1231 4087 1352; baseline 0 -33"><span class='ocrx_word' id='word_1_57' title='bbox 1360 1259 1551 1319; x_wconf 87' lang='lat' dir='ltr'>rent</span> <span class='ocrx_word' id='word_1_58' title='bbox 1598 1291 1627 1342; x_wconf 94' lang='lat'>,</span> <span class='ocrx_word' id='word_1_59' title='bbox 1709 1233 2154 1349; x_wconf 82' lang='lat' dir='ltr'>iisdemque</span> <span class='ocrx_word' id='word_1_60' title='bbox 2221 1255 2654 1318; x_wconf 87' lang='lat' dir='ltr'>uterentur</span> <span class='ocrx_word' id='word_1_61' title='bbox 2724 1231 3033 1352; x_wconf 84' lang='lat' dir='ltr'>legibus</span> <span class='ocrx_word' id='word_1_62' title='bbox 3080 1266 3109 1347; x_wconf 77' lang='lat'><em>3</em></span> <span class='ocrx_word' id='word_1_63' title='bbox 3172 1258 3545 1320; x_wconf 87' lang='lat' dir='ltr'>attamen</span> <span class='ocrx_word' id='word_1_64' title='bbox 3614 1231 3749 1318; x_wconf 88' lang='lat' dir='ltr'>diu</span> <span class='ocrx_word' id='word_1_65' title='bbox 3822 1237 4087 1350; x_wconf 76' lang='lat' dir='ltr'>viguit</span> 
     </span>
     <span class='ocr_line' id='line_1_9' title="bbox 1364 1350 4087 1466; baseline -0.001 -29"><span class='ocrx_word' id='word_1_66' title='bbox 1364 1352 2008 1437; x_wconf 87' lang='lat' dir='ltr'>Provincialium</span> <span class='ocrx_word' id='word_1_67' title='bbox 2056 1352 2513 1466; x_wconf 84' lang='lat' dir='ltr'>appellatio</span> <span class='ocrx_word' id='word_1_68' title='bbox 2555 1410 2584 1459; x_wconf 88' lang='lat'>,</span> <span class='ocrx_word' id='word_1_69' title='bbox 2640 1376 2731 1436; x_wconf 89' lang='lat' dir='ltr'>ut</span> <span class='ocrx_word' id='word_1_70' title='bbox 2781 1377 2881 1436; x_wconf 76' lang='lat' dir='ltr'>ex</span> <span class='ocrx_word' id='word_1_71' title='bbox 2937 1350 3608 1466; x_wconf 83' lang='lat' dir='ltr'>inscriptionibus</span> <span class='ocrx_word' id='word_1_72' title='bbox 3666 1377 3897 1465; x_wconf 86' lang='lat' dir='ltr'>patet</span> <span class='ocrx_word' id='word_1_73' title='bbox 3941 1413 3967 1459; x_wconf 91' lang='lat'>,</span> <span class='ocrx_word' id='word_1_74' title='bbox 4012 1354 4087 1435; x_wconf 85' lang='lat'>&amp;</span> 
     </span>
     <span class='ocr_line' id='line_1_10' title="bbox 1370 1469 4092 1587; baseline 0 -33"><span class='ocrx_word' id='word_1_75' title='bbox 1370 1498 1474 1554; x_wconf 83' lang='lat' dir='ltr'>ex</span> <span class='ocrx_word' id='word_1_76' title='bbox 1507 1471 1963 1583; x_wconf 89' lang='lat' dir='ltr'>Eutropio,</span> <span class='ocrx_word' id='word_1_77' title='bbox 2012 1496 2106 1555; x_wconf 91' lang='lat' dir='ltr'>ac</span> <span class='ocrx_word' id='word_1_78' title='bbox 2153 1469 2620 1557; x_wconf 87' lang='lat' dir='ltr'>Caffiodoro</span> <span class='ocrx_word' id='word_1_79' title='bbox 2664 1527 2694 1578; x_wconf 88' lang='lat'>,</span> <span class='ocrx_word' id='word_1_80' title='bbox 2755 1472 2897 1587; x_wconf 89' lang='lat' dir='ltr'>qui</span> <span class='ocrx_word' id='word_1_81' title='bbox 2960 1471 3113 1557; x_wconf 89' lang='lat' dir='ltr'>hac</span> <span class='ocrx_word' id='word_1_82' title='bbox 3158 1496 3359 1556; x_wconf 87' lang='lat' dir='ltr'>voce</span> <span class='ocrx_word' id='word_1_83' title='bbox 3402 1470 3801 1584; x_wconf 78' lang='lat' dir='ltr'>saepisfime</span> <span class='ocrx_word' id='word_1_84' title='bbox 3854 1496 4092 1556; x_wconf 86' lang='lat' dir='ltr'>utun-</span> 
     </span>
     <span class='ocr_line' id='line_1_11' title="bbox 1373 1610 1556 1672; baseline -0.011 1"><span class='ocrx_word' id='word_1_85' title='bbox 1373 1610 1556 1672; x_wconf 73' lang='lat' dir='ltr'><strong>tur·</strong></span> 
     </span>
     <span class='ocr_line' id='line_1_12' title="bbox 1493 1697 4099 1823; baseline 0 -32"><span class='ocrx_word' id='word_1_86' title='bbox 1493 1708 1697 1792; x_wconf 87' lang='lat' dir='ltr'>DD.</span> <span class='ocrx_word' id='word_1_87' title='bbox 1755 1705 1984 1791; x_wconf 83' lang='lat' dir='ltr'>NN.</span> <span class='ocrx_word' id='word_1_88' title='bbox 2074 1706 2467 1793; x_wconf 78' lang='lat' dir='ltr'>Dominis</span> <span class='ocrx_word' id='word_1_89' title='bbox 2548 1699 2835 1792; x_wconf 79' lang='lat' dir='ltr'>nostris</span> <span class='ocrx_word' id='word_1_90' title='bbox 2902 1704 2940 1821; x_wconf 83' lang='lat'><strong>(</strong></span> <span class='ocrx_word' id='word_1_91' title='bbox 2995 1697 3267 1823; x_wconf 60' lang='grc' dir='ltr'>χορίου</span> <span class='ocrx_word' id='word_1_92' title='bbox 3320 1698 3529 1819; x_wconf 49' lang='lat' dir='ltr'>»fucit</span> <span class='ocrx_word' id='word_1_93' title='bbox 3584 1705 3839 1790; x_wconf 81' lang='lat' dir='ltr'>Graeci</span> <span class='ocrx_word' id='word_1_94' title='bbox 3888 1704 4099 1791; x_wconf 82' lang='lat' dir='ltr'>dice·</span> 
     </span>
     <span class='ocr_line' id='line_1_13' title="bbox 1379 1820 4099 1938; baseline -0.001 -30"><span class='ocrx_word' id='word_1_95' title='bbox 1379 1848 1567 1908; x_wconf 85' lang='lat' dir='ltr'>rent</span> <span class='ocrx_word' id='word_1_96' title='bbox 1627 1820 1664 1936; x_wconf 94' lang='lat'>)</span> <span class='ocrx_word' id='word_1_97' title='bbox 1726 1824 1824 1907; x_wconf 86' lang='lat' dir='ltr'>i.e</span> <span class='ocrx_word' id='word_1_98' title='bbox 1876 1823 2178 1911; x_wconf 88' lang='lat' dir='ltr'>duobus</span> <span class='ocrx_word' id='word_1_99' title='bbox 2219 1825 2607 1912; x_wconf 86' lang='lat' dir='ltr'>Dominis</span> <span class='ocrx_word' id='word_1_100' title='bbox 2654 1823 2991 1933; x_wconf 76' lang='lat' dir='ltr'>nostriS,</span> <span class='ocrx_word' id='word_1_101' title='bbox 3072 1826 3194 1909; x_wconf 92' lang='lat' dir='ltr'>uti</span> <span class='ocrx_word' id='word_1_102' title='bbox 3262 1824 3453 1938; x_wconf 82' lang='lat' dir='ltr'>saepe</span> <span class='ocrx_word' id='word_1_103' title='bbox 3525 1826 3603 1905; x_wconf 80' lang='grc'>8(</span> <span class='ocrx_word' id='word_1_104' title='bbox 3665 1826 3752 1907; x_wconf 91' lang='lat' dir='ltr'>in</span> <span class='ocrx_word' id='word_1_105' title='bbox 3813 1823 4022 1909; x_wconf 85' lang='lat' dir='ltr'>saxis</span> <span class='ocrx_word' id='word_1_106' title='bbox 4072 1881 4099 1930; x_wconf 99' lang='lat'>,</span> 
     </span>
     <span class='ocr_line' id='line_1_14' title="bbox 1381 1941 4104 2059; baseline 0 -35"><span class='ocrx_word' id='word_1_107' title='bbox 1381 1943 1462 2024; x_wconf 85' lang='grc'>8(</span> <span class='ocrx_word' id='word_1_108' title='bbox 1515 1944 1601 2025; x_wconf 89' lang='lat' dir='ltr'>in</span> <span class='ocrx_word' id='word_1_109' title='bbox 1664 1946 2020 2028; x_wconf 88' lang='lat' dir='ltr'>nummis</span> <span class='ocrx_word' id='word_1_110' title='bbox 2066 2003 2094 2053; x_wconf 94' lang='lat'>,</span> <span class='ocrx_word' id='word_1_111' title='bbox 2161 1942 2493 2059; x_wconf 86' lang='lat' dir='ltr'>aliisque</span> <span class='ocrx_word' id='word_1_112' title='bbox 2568 1946 2651 2027; x_wconf 91' lang='lat' dir='ltr'>in</span> <span class='ocrx_word' id='word_1_113' title='bbox 2716 1946 3277 2029; x_wconf 83' lang='lat' dir='ltr'>monumentis</span> <span class='ocrx_word' id='word_1_114' title='bbox 3333 1942 3738 2047; x_wconf 84' lang='lat' dir='ltr'>occurrit,</span> <span class='ocrx_word' id='word_1_115' title='bbox 3798 1941 4104 2026; x_wconf 74' lang='lat' dir='ltr'>duabus</span> 
     </span>
    </p>

    <p class='ocr_par' dir='ltr' id='par_1_3' title="bbox 1385 2057 3814 2181">
     <span class='ocr_line' id='line_1_15' title="bbox 1385 2057 3814 2181; baseline 0.001 -39"><span class='ocrx_word' id='word_1_116' title='bbox 1385 2057 1650 2147; x_wconf 81' lang='lat' dir='ltr'>literis</span> <span class='ocrx_word' id='word_1_117' title='bbox 1703 2060 1948 2171; x_wconf 84' lang='lat' dir='ltr'>duos,</span> <span class='ocrx_word' id='word_1_118' title='bbox 1997 2063 2256 2147; x_wconf 84' lang='lat' dir='ltr'>tribus</span> <span class='ocrx_word' id='word_1_119' title='bbox 2304 2087 2467 2147; x_wconf 89' lang='lat' dir='ltr'>tres</span> <span class='ocrx_word' id='word_1_120' title='bbox 2517 2066 3065 2176; x_wconf 81' lang='lat' dir='ltr'>Imperatores</span> <span class='ocrx_word' id='word_1_121' title='bbox 3125 2059 3814 2181; x_wconf 77' lang='lat' dir='ltr'>significantibus.</span> 
     </span>
    </p>
   </div>
   <div class='ocr_carea' id='block_1_2' title="bbox 2384 2298 3100 2386">
    <p class='ocr_par' dir='ltr' id='par_1_4' title="bbox 2384 2298 3100 2386">
     <span class='ocr_line' id='line_1_16' title="bbox 2384 2298 3100 2386; baseline -0.007 0"><span class='ocrx_word' id='word_1_122' title='bbox 2384 2301 2549 2386; x_wconf 81' lang='lat' dir='ltr'>FL.</span> <span class='ocrx_word' id='word_1_123' title='bbox 2608 2298 3040 2385; x_wconf 81' lang='lat' dir='ltr'>FLAVIO</span> <span class='ocrx_word' id='word_1_124' title='bbox 3078 2356 3100 2381; x_wconf 88' lang='lat'><strong>.</strong></span> 
     </span>
    </p>
   </div>
   <div class='ocr_carea' id='block_1_3' title="bbox 944 2528 4177 4658">
    <p class='ocr_par' dir='ltr' id='par_1_5' title="bbox 1397 2528 4132 3711">
     <span class='ocr_line' id='line_1_17' title="bbox 1513 2528 4126 2623; baseline -0 -5"><span class='ocrx_word' id='word_1_125' title='bbox 1513 2535 1990 2621; x_wconf 79' lang='lat' dir='ltr'>Praenomen</span> <span class='ocrx_word' id='word_1_126' title='bbox 2061 2535 2342 2621; x_wconf 83' lang='lat' dir='ltr'>Flavii</span> <span class='ocrx_word' id='word_1_127' title='bbox 2408 2564 2695 2623; x_wconf 89' lang='lat' dir='ltr'>omnes</span> <span class='ocrx_word' id='word_1_128' title='bbox 2758 2530 2928 2621; x_wconf 85' lang='lat' dir='ltr'>sere</span> <span class='ocrx_word' id='word_1_129' title='bbox 2981 2564 3029 2619; x_wconf 93' lang='lat' dir='ltr'>a</span> <span class='ocrx_word' id='word_1_130' title='bbox 3074 2528 3620 2620; x_wconf 83' lang='lat' dir='ltr'>Constantino</span> <span class='ocrx_word' id='word_1_131' title='bbox 3684 2531 4126 2618; x_wconf 89' lang='lat' dir='ltr'>obtinuere-</span> 
     </span>
     <span class='ocr_line' id='line_1_18' title="bbox 1397 2650 4115 2767; baseline -0.001 -32"><span class='ocrx_word' id='word_1_132' title='bbox 1397 2654 1940 2765; x_wconf 86' lang='lat' dir='ltr'>Imperatores</span> <span class='ocrx_word' id='word_1_133' title='bbox 1986 2711 2009 2734; x_wconf 87' lang='lat'><strong>.</strong></span> <span class='ocrx_word' id='word_1_134' title='bbox 2069 2653 2653 2741; x_wconf 84' lang='lat' dir='ltr'>Constantinus</span> <span class='ocrx_word' id='word_1_135' title='bbox 2722 2684 2920 2739; x_wconf 93' lang='lat' dir='ltr'>vero</span> <span class='ocrx_word' id='word_1_136' title='bbox 2973 2713 3003 2760; x_wconf 97' lang='lat'>,</span> <span class='ocrx_word' id='word_1_137' title='bbox 3094 2653 3462 2765; x_wconf 87' lang='lat' dir='ltr'>illiusque</span> <span class='ocrx_word' id='word_1_138' title='bbox 3539 2650 4115 2767; x_wconf 85' lang='lat' dir='ltr'>consanguinei</span> 
     </span>
     <span class='ocr_line' id='line_1_19' title="bbox 1403 2766 4131 2884; baseline 0 -33"><span class='ocrx_word' id='word_1_139' title='bbox 1403 2766 1606 2852; x_wconf 89' lang='lat' dir='ltr'>istud</span> <span class='ocrx_word' id='word_1_140' title='bbox 1652 2795 2189 2883; x_wconf 85' lang='lat' dir='ltr'>acceperunt,</span> <span class='ocrx_word' id='word_1_141' title='bbox 2233 2800 2418 2856; x_wconf 90' lang='lat' dir='ltr'>cum</span> <span class='ocrx_word' id='word_1_142' title='bbox 2467 2800 2515 2857; x_wconf 85' lang='lat' dir='ltr'>a</span> <span class='ocrx_word' id='word_1_143' title='bbox 2564 2775 2673 2857; x_wconf 89' lang='lat' dir='ltr'>D.</span> <span class='ocrx_word' id='word_1_144' title='bbox 2719 2770 3073 2858; x_wconf 90' lang='lat' dir='ltr'>Claudio</span> <span class='ocrx_word' id='word_1_145' title='bbox 3114 2773 3661 2883; x_wconf 77' lang='lat' dir='ltr'>gloriarentur</span> <span class='ocrx_word' id='word_1_146' title='bbox 3706 2770 4131 2884; x_wconf 37' lang='lat' dir='ltr'>originem-</span> 
     </span>
     <span class='ocr_line' id='line_1_20' title="bbox 1403 2884 4121 3003; baseline 0 -33"><span class='ocrx_word' id='word_1_147' title='bbox 1403 2885 1695 2970; x_wconf 87' lang='lat' dir='ltr'>ducere</span> <span class='ocrx_word' id='word_1_148' title='bbox 1740 2947 1768 2994; x_wconf 90' lang='lat'>,</span> <span class='ocrx_word' id='word_1_149' title='bbox 1828 2914 2081 3000; x_wconf 88' lang='lat' dir='ltr'>quum</span> <span class='ocrx_word' id='word_1_150' title='bbox 2144 2917 2248 2972; x_wconf 81' lang='lat' dir='ltr'>ex</span> <span class='ocrx_word' id='word_1_151' title='bbox 2300 2888 2650 2976; x_wconf 86' lang='lat' dir='ltr'>Claudio</span> <span class='ocrx_word' id='word_1_152' title='bbox 2718 2888 2987 3003; x_wconf 87' lang='lat' dir='ltr'>Crispi</span> <span class='ocrx_word' id='word_1_153' title='bbox 3046 2885 3323 2974; x_wconf 80' lang='lat' dir='ltr'>fratris</span> <span class='ocrx_word' id='word_1_154' title='bbox 3394 2891 3504 2975; x_wconf 87' lang='lat' dir='ltr'>D.</span> <span class='ocrx_word' id='word_1_155' title='bbox 3541 2887 3871 2973; x_wconf 87' lang='lat' dir='ltr'>Claudii</span> <span class='ocrx_word' id='word_1_156' title='bbox 3946 2884 4121 2971; x_wconf 82' lang='lat' dir='ltr'>filia</span> 
     </span>
     <span class='ocr_line' id='line_1_21' title="bbox 1405 3000 4125 3122; baseline -0 -34"><span class='ocrx_word' id='word_1_157' title='bbox 1405 3000 1997 3089; x_wconf 87' lang='lat' dir='ltr'>Constantinus</span> <span class='ocrx_word' id='word_1_158' title='bbox 2046 3010 2409 3122; x_wconf 83' lang='lat' dir='ltr'>Magnus</span> <span class='ocrx_word' id='word_1_159' title='bbox 2454 3034 2678 3093; x_wconf 84' lang='lat' dir='ltr'>ortus</span> <span class='ocrx_word' id='word_1_160' title='bbox 2732 3008 3029 3119; x_wconf 82' lang='lat' dir='ltr'>suerit3</span> <span class='ocrx_word' id='word_1_161' title='bbox 3091 3005 3307 3091; x_wconf 88' lang='lat' dir='ltr'>istius</span> <span class='ocrx_word' id='word_1_162' title='bbox 3369 3005 3624 3122; x_wconf 81' lang='lat' dir='ltr'>igitur</span> <span class='ocrx_word' id='word_1_163' title='bbox 3662 3006 3740 3087; x_wconf 88' lang='lat'>&amp;</span> <span class='ocrx_word' id='word_1_164' title='bbox 3782 3001 3986 3112; x_wconf 84' lang='lat' dir='ltr'>filii,</span> <span class='ocrx_word' id='word_1_165' title='bbox 4044 3003 4125 3087; x_wconf 67' lang='lat' dir='ltr'>ac</span> 
     </span>
     <span class='ocr_line' id='line_1_22' title="bbox 1413 3121 4125 3240; baseline 0 -36"><span class='ocrx_word' id='word_1_166' title='bbox 1413 3146 1754 3234; x_wconf 87' lang='lat' dir='ltr'>nepotes</span> <span class='ocrx_word' id='word_1_167' title='bbox 1789 3122 2061 3208; x_wconf 90' lang='lat' dir='ltr'>Flavii</span> <span class='ocrx_word' id='word_1_168' title='bbox 2118 3154 2583 3240; x_wconf 69' lang='lat' dir='ltr'>praenomen</span> <span class='ocrx_word' id='word_1_169' title='bbox 2617 3154 2952 3232; x_wconf 89' lang='lat' dir='ltr'>omnes,</span> <span class='ocrx_word' id='word_1_170' title='bbox 3014 3124 3095 3206; x_wconf 78' lang='grc' dir='ltr'>δε</span> <span class='ocrx_word' id='word_1_171' title='bbox 3153 3124 3482 3211; x_wconf 89' lang='lat' dir='ltr'>Claudii</span> <span class='ocrx_word' id='word_1_172' title='bbox 3532 3151 3829 3209; x_wconf 89' lang='lat' dir='ltr'>nomen</span> <span class='ocrx_word' id='word_1_173' title='bbox 3881 3121 4125 3234; x_wconf 87' lang='lat' dir='ltr'>pleri-</span> 
     </span>
     <span class='ocr_line' id='line_1_23' title="bbox 1414 3238 4125 3358; baseline 0 -36"><span class='ocrx_word' id='word_1_174' title='bbox 1414 3266 1573 3352; x_wconf 87' lang='lat' dir='ltr'>que</span> <span class='ocrx_word' id='word_1_175' title='bbox 1630 3238 2139 3351; x_wconf 80' lang='lat' dir='ltr'>habuerunt,</span> <span class='ocrx_word' id='word_1_176' title='bbox 2182 3269 2274 3328; x_wconf 89' lang='lat' dir='ltr'>ut</span> <span class='ocrx_word' id='word_1_177' title='bbox 2319 3271 2416 3328; x_wconf 83' lang='lat' dir='ltr'>ex</span> <span class='ocrx_word' id='word_1_178' title='bbox 2466 3244 3170 3358; x_wconf 86' lang='lat' dir='ltr'>inscriptionibus,</span> <span class='ocrx_word' id='word_1_179' title='bbox 3225 3270 3421 3354; x_wconf 92' lang='lat' dir='ltr'>quas</span> <span class='ocrx_word' id='word_1_180' title='bbox 3469 3242 3711 3326; x_wconf 88' lang='lat' dir='ltr'>nimis</span> <span class='ocrx_word' id='word_1_181' title='bbox 3754 3241 4125 3356; x_wconf 86' lang='lat' dir='ltr'>longum,</span> 
     </span>
     <span class='ocr_line' id='line_1_24' title="bbox 1415 3357 4130 3475; baseline 0.001 -36"><span class='ocrx_word' id='word_1_182' title='bbox 1415 3358 1497 3439; x_wconf 78' lang='lat'>8&lt;</span> <span class='ocrx_word' id='word_1_183' title='bbox 1554 3357 1976 3472; x_wconf 85' lang='lat' dir='ltr'>operosum</span> <span class='ocrx_word' id='word_1_184' title='bbox 2032 3359 2245 3447; x_wconf 87' lang='lat' dir='ltr'>foret</span> <span class='ocrx_word' id='word_1_185' title='bbox 2309 3361 2754 3469; x_wconf 80' lang='lat' dir='ltr'>adducere,</span> <span class='ocrx_word' id='word_1_186' title='bbox 2805 3385 3082 3475; x_wconf 88' lang='lat' dir='ltr'>patet.</span> <span class='ocrx_word' id='word_1_187' title='bbox 3127 3360 3567 3445; x_wconf 83' lang='lat' dir='ltr'>Claudium</span> <span class='ocrx_word' id='word_1_188' title='bbox 3626 3384 3905 3444; x_wconf 90' lang='lat' dir='ltr'>autem</span> <span class='ocrx_word' id='word_1_189' title='bbox 3966 3361 4130 3441; x_wconf 88' lang='lat' dir='ltr'>Im·</span> 
     </span>
     <span class='ocr_line' id='line_1_25' title="bbox 1419 3473 4131 3593; baseline 0 -35"><span class='ocrx_word' id='word_1_190' title='bbox 1419 3502 1891 3588; x_wconf 85' lang='lat' dir='ltr'>peratorem</span> <span class='ocrx_word' id='word_1_191' title='bbox 1949 3477 2225 3564; x_wconf 80' lang='lat' dir='ltr'>Flavii</span> <span class='ocrx_word' id='word_1_192' title='bbox 2303 3483 2800 3593; x_wconf 69' lang='lat' dir='ltr'>praenomine</span> <span class='ocrx_word' id='word_1_193' title='bbox 2864 3478 3087 3563; x_wconf 86' lang='lat' dir='ltr'>usum</span> <span class='ocrx_word' id='word_1_194' title='bbox 3148 3476 3302 3564; x_wconf 79' lang='lat' dir='ltr'>effe</span> <span class='ocrx_word' id='word_1_195' title='bbox 3371 3501 3685 3562; x_wconf 86' lang='lat' dir='ltr'>certum</span> <span class='ocrx_word' id='word_1_196' title='bbox 3747 3473 3858 3560; x_wconf 89' lang='lat' dir='ltr'>est</span> <span class='ocrx_word' id='word_1_197' title='bbox 3941 3502 4131 3558; x_wconf 85' lang='lat' dir='ltr'>cum</span> 
     </span>
     <span class='ocr_line' id='line_1_26' title="bbox 1421 3591 4132 3711; baseline 0 -36"><span class='ocrx_word' id='word_1_198' title='bbox 1421 3619 1524 3675; x_wconf 75' lang='lat' dir='ltr'>ex</span> <span class='ocrx_word' id='word_1_199' title='bbox 1582 3593 1770 3676; x_wconf 87' lang='lat' dir='ltr'>aliis</span> <span class='ocrx_word' id='word_1_200' title='bbox 1824 3601 2429 3705; x_wconf 84' lang='lat' dir='ltr'>monumentis,</span> <span class='ocrx_word' id='word_1_201' title='bbox 2492 3623 2667 3682; x_wconf 93' lang='lat' dir='ltr'>tum</span> <span class='ocrx_word' id='word_1_202' title='bbox 2717 3624 2817 3680; x_wconf 80' lang='lat' dir='ltr'>ex</span> <span class='ocrx_word' id='word_1_203' title='bbox 2866 3595 3219 3709; x_wconf 84' lang='lat' dir='ltr'>quadam</span> <span class='ocrx_word' id='word_1_204' title='bbox 3269 3593 3506 3711; x_wconf 76' lang='lat' dir='ltr'>ipsius</span> <span class='ocrx_word' id='word_1_205' title='bbox 3553 3594 3653 3679; x_wconf 86' lang='lat' dir='ltr'>ad</span> <span class='ocrx_word' id='word_1_206' title='bbox 3700 3591 4132 3676; x_wconf 88' lang='lat' dir='ltr'>Valerium</span> 
     </span>
    </p>

    <p class='ocr_par' dir='ltr' id='par_1_6' title="bbox 944 3710 4177 4658">
     <span class='ocr_line' id='line_1_27' title="bbox 1203 3710 4177 3829; baseline 0 -33"><span class='ocrx_word' id='word_1_207' title='bbox 1203 3794 1218 3809; x_wconf 78' lang='lat'>,</span> <span class='ocrx_word' id='word_1_208' title='bbox 1345 3794 1360 3809; x_wconf 78' lang='lat'>,</span> <span class='ocrx_word' id='word_1_209' title='bbox 1429 3711 1966 3795; x_wconf 85' lang='lat' dir='ltr'>Aurelianum</span> <span class='ocrx_word' id='word_1_210' title='bbox 2013 3712 2346 3828; x_wconf 86' lang='lat' dir='ltr'>epistola</span> <span class='ocrx_word' id='word_1_211' title='bbox 2396 3743 2444 3799; x_wconf 91' lang='lat' dir='ltr'>a</span> <span class='ocrx_word' id='word_1_212' title='bbox 2503 3714 2857 3829; x_wconf 86' lang='lat' dir='ltr'>Vopisco</span> <span class='ocrx_word' id='word_1_213' title='bbox 2914 3715 3166 3800; x_wconf 87' lang='lat' dir='ltr'>allata</span> <span class='ocrx_word' id='word_1_214' title='bbox 3233 3711 3335 3799; x_wconf 84' lang='lat' dir='ltr'>fic</span> <span class='ocrx_word' id='word_1_215' title='bbox 3398 3714 3897 3827; x_wconf 85' lang='lat' dir='ltr'>incipiente:</span> <span class='ocrx_word' id='word_1_216' title='bbox 3956 3710 4177 3796; x_wconf 73' lang='lat' dir='ltr'>Fla-⁴</span> 
     </span>
     <span class='ocr_line' id='line_1_28' title="bbox 944 3791 4137 3944; baseline 0 -33"><span class='ocrx_word' id='word_1_217' title='bbox 944 3791 1402 3940; x_wconf 52' lang='lat' dir='ltr'>2³2,21¹s5,¹}}2squ;2</span> <span class='ocrx_word' id='word_1_218' title='bbox 1435 3828 1615 3910; x_wconf 90' lang='lat' dir='ltr'>vius</span> <span class='ocrx_word' id='word_1_219' title='bbox 1680 3828 2068 3914; x_wconf 89' lang='lat' dir='ltr'>Claudius</span> <span class='ocrx_word' id='word_1_220' title='bbox 2154 3832 2488 3918; x_wconf 88' lang='lat' dir='ltr'>Valerio</span> <span class='ocrx_word' id='word_1_221' title='bbox 2557 3832 3001 3918; x_wconf 89' lang='lat' dir='ltr'>Aureliano</span> <span class='ocrx_word' id='word_1_222' title='bbox 3068 3834 3227 3917; x_wconf 87' lang='lat' dir='ltr'>Suo</span> <span class='ocrx_word' id='word_1_223' title='bbox 3290 3830 3655 3916; x_wconf 87' lang='lat' dir='ltr'>Salutem</span> <span class='ocrx_word' id='word_1_224' title='bbox 3704 3823 3899 3944; x_wconf 86' lang='lat' dir='ltr'>(m).</span> <span class='ocrx_word' id='word_1_225' title='bbox 3961 3831 4137 3912; x_wconf 89' lang='lat' dir='ltr'>Hu-</span> 
     </span>
     <span class='ocr_line' id='line_1_29' title="bbox 948 3941 4139 4066; baseline 0.001 -39"><span class='ocrx_word' id='word_1_226' title='bbox 948 3953 1005 4008; x_wconf 71' lang='grc' dir='ltr'>Ρ·</span> <span class='ocrx_word' id='word_1_227' title='bbox 1044 3943 1171 4007; x_wconf 72' lang='lat'><strong>⁸⁴³·</strong></span> <span class='ocrx_word' id='word_1_228' title='bbox 1432 3941 1636 4054; x_wconf 73' lang='lat' dir='ltr'>jusce</span> <span class='ocrx_word' id='word_1_229' title='bbox 1678 3950 2195 4059; x_wconf 60' lang='lat' dir='ltr'>praenominis</span> <span class='ocrx_word' id='word_1_230' title='bbox 2240 3950 2641 4066; x_wconf 84' lang='lat' dir='ltr'>originem</span> <span class='ocrx_word' id='word_1_231' title='bbox 2694 3950 2780 4035; x_wconf 87' lang='lat' dir='ltr'>in</span> <span class='ocrx_word' id='word_1_232' title='bbox 2839 3951 3019 4035; x_wconf 83' lang='lat' dir='ltr'>vita</span> <span class='ocrx_word' id='word_1_233' title='bbox 3074 3945 3540 4035; x_wconf 83' lang='lat' dir='ltr'>Constantii</span> <span class='ocrx_word' id='word_1_234' title='bbox 3589 3944 3885 4034; x_wconf 84' lang='lat' dir='ltr'>Chlori</span> <span class='ocrx_word' id='word_1_235' title='bbox 3928 3947 4139 4029; x_wconf 88' lang='lat' dir='ltr'>Tre·</span> 
     </span>
     <span class='ocr_line' id='line_1_30' title="bbox 962 4062 4138 4180; baseline 0.004 -46"><span class='ocrx_word' id='word_1_236' title='bbox 962 4062 1724 4147; x_wconf 67' lang='lat' dir='ltr'>‹nmnstoriaeaag-bellius</span> <span class='ocrx_word' id='word_1_237' title='bbox 1771 4065 2030 4150; x_wconf 92' lang='lat' dir='ltr'>Pollio</span> <span class='ocrx_word' id='word_1_238' title='bbox 2077 4066 2293 4152; x_wconf 87' lang='lat' dir='ltr'>hanc</span> <span class='ocrx_word' id='word_1_239' title='bbox 2355 4068 2593 4153; x_wconf 86' lang='lat' dir='ltr'>affert</span> <span class='ocrx_word' id='word_1_240' title='bbox 2656 4067 2836 4180; x_wconf 83' lang='lat' dir='ltr'>[n].</span> <span class='ocrx_word' id='word_1_241' title='bbox 2896 4062 3096 4178; x_wconf 81' lang='lat' dir='ltr'>Ille,</span> <span class='ocrx_word' id='word_1_242' title='bbox 3140 4069 3318 4175; x_wconf 88' lang='lat' dir='ltr'>ait,</span> <span class='ocrx_word' id='word_1_243' title='bbox 3384 4065 3854 4176; x_wconf 87' lang='lat' dir='ltr'>[Claudius</span> <span class='ocrx_word' id='word_1_244' title='bbox 3916 4090 4138 4148; x_wconf 88' lang='lat' dir='ltr'>nern-</span> 
     </span>
     <span class='ocr_line' id='line_1_31' title="bbox 954 4146 4147 4302; baseline 0.001 -39"><span class='ocrx_word' id='word_1_245' title='bbox 954 4156 1015 4213; x_wconf 68' lang='lat'>&#39;⁰</span> <span class='ocrx_word' id='word_1_246' title='bbox 1043 4146 1168 4200; x_wconf 72' lang='lat'>⁸⁰²⁶</span> <span class='ocrx_word' id='word_1_247' title='bbox 1198 4147 1330 4254; x_wconf 51' lang='lat'>,⁸⁰⁹</span> <span class='ocrx_word' id='word_1_248' title='bbox 1437 4209 1541 4296; x_wconf 91' lang='lat' dir='ltr'>pe</span> <span class='ocrx_word' id='word_1_249' title='bbox 1584 4183 1623 4292; x_wconf 94' lang='lat'><em>]</em></span> <span class='ocrx_word' id='word_1_250' title='bbox 1667 4175 2103 4290; x_wconf 69' lang='lat' dir='ltr'>futurorum</span> <span class='ocrx_word' id='word_1_251' title='bbox 2155 4214 2434 4268; x_wconf 81' lang='lat' dir='ltr'>memor</span> <span class='ocrx_word' id='word_1_252' title='bbox 2476 4188 2767 4276; x_wconf 72' lang='lat' dir='ltr'>Gentes</span> <span class='ocrx_word' id='word_1_253' title='bbox 2810 4185 2889 4267; x_wconf 87' lang='lat' dir='ltr'><strong><em>F</em></strong></span> <span class='ocrx_word' id='word_1_254' title='bbox 2895 4177 3155 4268; x_wconf 66' lang='lat' dir='ltr'>lavim·</span> <span class='ocrx_word' id='word_1_255' title='bbox 3187 4245 3216 4295; x_wconf 92' lang='lat'>,</span> <span class='ocrx_word' id='word_1_256' title='bbox 3262 4215 3423 4298; x_wconf 81' lang='lat' dir='ltr'>quae</span> <span class='ocrx_word' id='word_1_257' title='bbox 3479 4179 3922 4302; x_wconf 78' lang='lat' dir='ltr'>Vespastam’</span> <span class='ocrx_word' id='word_1_258' title='bbox 3957 4238 3987 4291; x_wconf 92' lang='lat'>,</span> <span class='ocrx_word' id='word_1_259' title='bbox 4043 4181 4147 4265; x_wconf 70' lang='lat'>6¹</span> 
     </span>
     <span class='ocr_line' id='line_1_32' title="bbox 1435 4295 4149 4417; baseline -0.001 -34"><span class='ocrx_word' id='word_1_260' title='bbox 1435 4299 1629 4383; x_wconf 73' lang='lat' dir='ltr'>Titi</span> <span class='ocrx_word' id='word_1_261' title='bbox 1672 4360 1701 4408; x_wconf 94' lang='lat'>,</span> <span class='ocrx_word' id='word_1_262' title='bbox 1761 4295 1927 4383; x_wconf 80' lang='lat' dir='ltr'>nolo</span> <span class='ocrx_word' id='word_1_263' title='bbox 1986 4328 2238 4386; x_wconf 76' lang='lat' dir='ltr'>autem</span> <span class='ocrx_word' id='word_1_264' title='bbox 2306 4301 2559 4388; x_wconf 80' lang='lat' dir='ltr'>dicere</span> <span class='ocrx_word' id='word_1_265' title='bbox 2635 4303 3130 4413; x_wconf 72' lang='lat' dir='ltr'>Domitiani,</span> <span class='ocrx_word' id='word_1_266' title='bbox 3171 4300 3499 4416; x_wconf 79' lang='lat' dir='ltr'>fuerant</span> <span class='ocrx_word' id='word_1_267' title='bbox 3532 4361 3562 4412; x_wconf 90' lang='lat'>,</span> <span class='ocrx_word' id='word_1_268' title='bbox 3620 4299 4149 4417; x_wconf 70' lang='lat' dir='ltr'>propagaevit:</span> 
     </span>
     <span class='ocr_line' id='line_1_33' title="bbox 1437 4413 4153 4536; baseline -0.002 -33"><span class='ocrx_word' id='word_1_269' title='bbox 1437 4445 1687 4536; x_wconf 88' lang='lat' dir='ltr'>quem</span> <span class='ocrx_word' id='word_1_270' title='bbox 1729 4420 2148 4505; x_wconf 85' lang='lat' dir='ltr'>obscurum</span> <span class='ocrx_word' id='word_1_271' title='bbox 2194 4419 2461 4507; x_wconf 87' lang='lat' dir='ltr'>locum</span> <span class='ocrx_word' id='word_1_272' title='bbox 2525 4422 2645 4507; x_wconf 86' lang='lat' dir='ltr'>ita</span> <span class='ocrx_word' id='word_1_273' title='bbox 2701 4420 3225 4509; x_wconf 90' lang='lat' dir='ltr'>Casaubonus</span> <span class='ocrx_word' id='word_1_274' title='bbox 3271 4419 3709 4535; x_wconf 86' lang='lat' dir='ltr'>explanat:</span> <span class='ocrx_word' id='word_1_275' title='bbox 3755 4413 4153 4534; x_wconf 71' lang='lat' dir='ltr'>Vespaefiae-</span> 
     </span>
     <span class='ocr_line' id='line_1_34' title="bbox 1446 4534 4145 4658; baseline -0 -40"><span class='ocrx_word' id='word_1_276' title='bbox 1446 4563 1628 4618; x_wconf 77' lang='lat' dir='ltr'>num</span> <span class='ocrx_word' id='word_1_277' title='bbox 1650 4597 1678 4644; x_wconf 90' lang='lat'>,</span> <span class='ocrx_word' id='word_1_278' title='bbox 1737 4534 1838 4621; x_wconf 63' lang='grc' dir='ltr'>δ’</span> <span class='ocrx_word' id='word_1_279' title='bbox 1880 4538 2171 4622; x_wconf 77' lang='lat' dir='ltr'>Titum</span> <span class='ocrx_word' id='word_1_280' title='bbox 2193 4599 2220 4648; x_wconf 90' lang='lat'>,</span> <span class='ocrx_word' id='word_1_281' title='bbox 2266 4569 2502 4653; x_wconf 65' lang='lat' dir='ltr'>qnam</span> <span class='ocrx_word' id='word_1_282' title='bbox 2563 4538 2896 4651; x_wconf 79' lang='lat' dir='ltr'>censores</span> <span class='ocrx_word' id='word_1_283' title='bbox 2939 4537 3198 4658; x_wconf 83' lang='lat' dir='ltr'>effem·</span> <span class='ocrx_word' id='word_1_284' title='bbox 3243 4537 3753 4654; x_wconf 80' lang='lat' dir='ltr'>patriciarum</span> <span class='ocrx_word' id='word_1_285' title='bbox 3797 4534 4145 4651; x_wconf 72' lang='lat' dir='ltr'>gentium</span> 
     </span>
    </p>
   </div>
   <div class='ocr_carea' id='block_1_4' title="bbox 1448 4649 4149 4855">
    <p class='ocr_par' dir='ltr' id='par_1_7' title="bbox 1448 4649 4149 4855">
     <span class='ocr_line' id='line_1_35' title="bbox 1448 4649 4149 4855; baseline -0.001 -118"><span class='ocrx_word' id='word_1_286' title='bbox 1448 4683 1840 4741; x_wconf 73' lang='lat' dir='ltr'>numerum</span> <span class='ocrx_word' id='word_1_287' title='bbox 1885 4651 2183 4771; x_wconf 67' lang='lat' dir='ltr'>auxgffe</span> <span class='ocrx_word' id='word_1_288' title='bbox 2233 4655 2583 4769; x_wconf 70' lang='lat' dir='ltr'>scribunt</span> <span class='ocrx_word' id='word_1_289' title='bbox 2640 4679 2993 4745; x_wconf 73' lang='lat' dir='ltr'>veteres:</span> <span class='ocrx_word' id='word_1_290' title='bbox 3050 4653 3425 4744; x_wconf 56' lang='lat' dir='ltr'>nudentur</span> <span class='ocrx_word' id='word_1_291' title='bbox 3494 4677 3761 4741; x_wconf 73' lang='lat' dir='ltr'>aurem</span> <span class='ocrx_word' id='word_1_292' title='bbox 3777 4713 3806 4765; x_wconf 90' lang='lat'>,</span> <span class='ocrx_word' id='word_1_293' title='bbox 3862 4651 4001 4855; x_wconf 54' lang='grc' dir='ltr'><strong><em>ῗὶ</em></strong></span> <span class='ocrx_word' id='word_1_294' title='bbox 4060 4649 4149 4734; x_wconf 75' lang='lat' dir='ltr'>in</span> 
     </span>
     <span class='ocr_line' id='line_1_36' title="bbox 3952 4799 4032 4852; baseline 0 -3"><span class='ocrx_word' id='word_1_295' title='bbox 3952 4799 4032 4852; x_wconf 61' lang='grc' dir='ltr'>β·</span> 
     </span>
    </p>
   </div>
   <div class='ocr_carea' id='block_1_5' title="bbox 4390 2329 4408 2917">
    <p class='ocr_par' dir='ltr' id='par_1_8' title="bbox 4390 2329 4408 2917">
     <span class='ocr_line' id='line_1_37' title="bbox 4390 2329 4408 2917; baseline 0 0"><span class='ocrx_word' id='word_1_296' title='bbox 4390 2329 4408 2917; x_wconf 95' lang='lat' dir='ltr'> </span> 
     </span>
    </p>
   </div>
  </div>
 </body>
</html>
