4484 5850
419 608 974 723 duplicemque
1020 606 1306 692 referri
1353 607 1453 692 ad
1496 606 1839 692 caussam
1889 605 2247 720 poffunt.
2307 605 2463 688 Vel
2511 607 2730 689 enim
2793 604 3123 718 peraffla

410 725 856 842 significant
928 751 1120 809 ante
1186 723 1533 810 scenicos
1587 724 1812 809 ludos
1884 752 2028 837 per
2089 722 2388 806 Bacchi
2458 720 2650 805 festa
2726 725 3117 831 celebrari

403 842 676 928 solitos
745 841 1186 951 sacrificia,
1249 844 1380 925 vel
1452 842 1550 926 ad
1615 840 2013 926 scenicum
2061 841 2478 952 pertinent
2539 868 3023 953 apparatum
3086 903 3113 948 ‚

400 990 706 1074 araeque
761 958 943 1043 sunt
1000 953 1302 1074 in'ipso
1348 958 1666 1073 pulpito
1704 960 1900 1072 poni
1949 956 2238 1042 solitae.
2304 959 2663 1041 Primum
2700 958 2899 1041 illud
2947 960 3117 1072 pla·

401 1105 600 1161 num
647 1079 985 1161 omnino
1032 1075 1191 1183 est,
1255 1105 1446 1160 nam
1497 1075 1552 1158 fi
1602 1077 1766 1159 ludi
1815 1074 2104 1160 scenici
2168 1104 2350 1158 cum
2392 1074 2898 1183 Dionyfiacis
2954 1076 3123 1161 fue·

399 1222 489 1278 re
536 1192 933 1303 conjuncti
972 1253 999 1299 ,
1062 1219 1148 1278 ut
1215 1195 1612 1301 diximu'S,
1672 1195 1748 1275 8<
1813 1193 2182 1276 ludorum
2220 1253 2247 1299 ‚
2307 1192 2382 1272 &
2460 1191 2859 1277 sacrorum
2923 1195 3120 1278 allu-

401 1308 640 1394 fionis
689 1313 956 1426 gratia
1016 1339 1174 1394 uno
1223 1314 1306 1395 in
1343 1340 1747 1395 marmore
1785 1308 2101 1424 possunt
2150 1307 2526 1421 superesse
2567 1309 3121 1396 instrumenta.

401 1432 712 1511 Verum
772 1426 826 1508 fi
874 1427 972 1510 ad
1019 1429 1242 1513 ludos
1296 1455 1621 1514 tanturn
1677 1431 2201 1540 pertineant,
2262 1429 2625 1511 exoritur
2693 1430 2851 1513 alia
2912 1461 3115 1544 qua:-

390 1543 589 1652 stio,
652 1573 756 1628 an
812 1548 894 1629 in
947 1542 1492 1630 scena·locum
1542 1575 1740 1630 verae
1789 1546 2225 1630 habuerint
2274 1573 2479 1651 arae,
2517 1543 2912 1652 velfiftae,
2976 1547 3108 1630 vel

394 1668 935 1776 utraeque-Et
995 1661 1228 1770 sane,
1286 1664 1656 1748 ficutires
1686 1662 2104 1773 cujuslibet
2132 1661 2297 1746 fere
2333 1664 2657 1777 generis·
2686 1666 2769 1747 in
2801 1664 3117 1782 Cbora-

389 1779 664 1894 giario
718 1805 1117 1892 apparatu
1152 1780 1300 1865 esse
1348 1778 1657 1895 poffunt
1685 1811 1712 1892 3
1741 1779 2190 1866 verofimile
2231 1782 2629 1864 credimus
2677 1778 2896 1863 fictas
2932 1811 3113 1865 aras

384 1896 829 2008 aliquando
874 1957 900 2003 ,
986 1896 1209 1981 ficuti
1279 1903 1645 1983 Deorum
1701 1896 2122 1983 simulacra
2191 1897 2412 1981 suissi:
2483 1900 2568 1981 in
2618 1897 2936 1983 scenam
3000 1901 3112 1981 in-

389 2011 855 2119 trodustaS,
914 2014 992 2096 8<
1040 2043 1222 2098 cum
1264 2014 1427 2128 ipsa
1478 2014 1872 2120 sublataS,
1931 2040 2025 2100 ut
2074 2019 2346 2130 imago
2394 2043 2575 2097 curn
2628 2043 2766 2099 ara
2790 2019 3111 2128 Neptu·
3566 2111 3575 2124 ⁶

390 2135 475 2216 ni
527 2128 913 2244 equestris
961 2136 1044 2214 in
1104 2134 1415 2215 nebulis
1473 2131 2036 2245 Aristophanis
2091 2125 2245 2245 [l]-
2306 2133 2636 2245 Quippe
2704 2134 2789 2216 in
2839 2136 3105 2245 priva·
3143 2126 3583 2234 [Um-LE*-

387 2252 488 2331 tis
550 2246 902 2333 aedificiis
934 2310 960 2356 ‚
1021 2279 1191 2363 quae
1236 2247 1461 2333 scena
1508 2250 1815 2332 comica
1875 2274 1964 2332 ut
2013 2250 2455 2363 plurimum
2508 2247 3018 2360 repraesentat
3077 2315 3107 2360 ‚

386 2396 542 2450 araz
595 2368 851 2450 etiarn
888 2427 914 2471 ,
974 2366 1251 2480 quales
1318 2364 1499 2448 sunt
1559 2368 2062 2479 privatarum
2108 2363 2386 2449 aetlium
2425 2426 2451 2471 ,
2512 2368 3026 2481 ponebantur
3085 2433 3109 2453 .

386 2486 623 2567 Hinc
682 2475 896 2597 apud
964 2485 1345 2570 Comicos
1422 2483 1625 2566 servi
1699 2481 2133 2596 aliquando
2201 2483 2665 2596 vapulaturi
2742 2514 2970 2570 aram
3033 2487 3162 2620 set
3251 2477 3313 2614 ᾗ
3458 2561 3529 2616 Μ

379 2625 912 2714 occupaturos
956 2601 1235 2684 dicunt
1287 2597 1487 2709 [m],
1545 2601 1622 2681 8<
1673 2600 1756 2682 in
1795 2602 2179 2685 Terentii
2237 2599 2550 2688 Andria
2598 2607 2877 2687 Davus
2939 2609 3099 2692 Mi·
3160 2564 3585 2703 ῗὲιῶῗῖζμῇ

377 2718 521 2802 fidi
578 2716 902 2824 suadet,
964 2743 1055 2801 ut
1106 2718 1496 2802 verbenas
1538 2745 1819 2801 ex-ara
1864 2716 2172 2802 sumat.
2230 2722 2477 2801 Porro
2522 2745 2711 2804 ante
2751 2725 3101 2836 privata·
3172 2724 3338 2833 ἷξαῖ·
3367 2729 3469 2834 23·
3515 2713 3577 2837 ξ’

379 2864 573 2918 rum
620 2835 902 2917 aeclium
971 2833 1181 2919 fores
1248 2855 1387 2919 ara·
1433 2838 1644 2947 'poni
1697 2833 1925 2917 solita
1973 2835 2361 2919 columnae
2423 2834 2697 2920 similis
2733 2900 2758 2946 ‚
2820 2839 2945 2947 &,
3007 2866 3096 2927 ut
3158 2847 3398 2919 smm-
3435 2822 3572 2925 ἐφ’

374 2954 677 3038 volunt
728 2954 1040 3066 aliqui,
1101 2956 1185 3036 in
1237 2982 1576 3038 acumen
1634 2951 2039 3060 desinam,
2102 2954 2197 3037 de
2234 2980 2391 3069 qua
2432 2956 2838 3041 Pollucem
2889 2957 3100 3066 vide,
3330 3038 3339 3047 .

373 3069 506 3183 [n]
565 3068 1059 3180 Hesychium
1111 3074 1194 3154 in
1246 3063 1576 3185 oiyw'ols,
1640 3071 1967 3155 Suidam
2036 3074 2122 3153 in
2187 3068 2493 3184 οέγύιοις,
2576 3073 3095 3159 Scholiastem
3133 3041 3571 3113 (⁰)L'4'n'u3‘·

247 3202 262 3219 ‘
374 3186 959 3301 Aristophanis
1029 3190 1109 3270 in
1191 3183 1549 3294 Σφήκοις,
1625 3188 1700 3268 8(
1763 3189 2211 3271 Acronium
2284 3192 2364 3271 in
2410 3194 2852 3274 Horatium
2905 3189 3022 3303 [0]
3080 3254 3101 3275 .
3139 3171 3537 3242 (⁰'L·⁴·⁰·³·'⁶·

372 3305 628 3391 Fissae
687 3309 963 3418 itaque
1025 3305 1174 3390 effe
1223 3306 1784 3417 potuerunt-in
1836 3303 2063 3387 scena
2113 3302 2380 3416 pofitae
2442 3334 2648 3411 arte,
2712 3331 2803 3390 ut
2847 3334 2943 3389 ex
2998 3310 3104 3391 al-

373 3424 570 3507 latis
641 3421 1088 3507 auctoribus
1154 3447 1470 3506 certum
1532 3420 1688 3511 est.
1752 3425 1933 3505 Nec
1983 3424 2247 3504 minus
2305 3451 2584 3505 verum
2624 3419 2731 3505 est
2769 3424 2853 3505 in
2892 3424 3099 3508 ludis

374 3540 715 3625 scenicis
764 3538 1264 3625 celebrandis
1320 3539 1514 3622 duas
1567 3540 1760 3652 poni
1823 3537 2092 3622 solitas
2137 3540 2220 3621 in
2272 3537 2677 3650 proscenio
2744 3569 2921 3624 aras
2968 3556 3103 3627 vess

379 3687 567 3765 raS,
632 3658 708 3738 8<
750 3657 850 3742 ad
897 3655 1272 3754 sacrificia
1334 3657 1789 3772 peragenda
1846 3654 2276 3740 destinatas
2322 3719 2349 3764 ,
2409 3686 2752 3773 quarum
2813 3657 3097 3745 dextra

377 3774 711 3860 Baccho
780 3777 866 3856 in
916 3772 1365 3888 Tragoedia
1422 3834 1449 3880 ,
1510 3774 1880 3888 Apollini
1941 3777 2025 3857 in
2097 3775 2529 3860 Comoedia
2565 3836 2592 3882 ,
2632 3774 2959 3862 -sinistra
3019 3776 3097 3863 ei

375 3891 608 3976 sacra
666 3917 847 3975 erat
895 3895 1025 3975 vel
1071 3896 1255 3977 Deo
1290 3952 1316 3998 ‚
1381 3890 1511 3975 vel
1557 3892 1858 3998 Heroi,
1917 3891 2050 3976 vel
2098 3893 2467 4000 homini,
2525 3894 2652 3978 cui
2697 3922 2839 4006 per
2877 3897 3098 3980 lt'ldos

381 4009 1030 4123 parentabatur,
1097 4034 1235 4093 aut
1284 4011 1410 4092 cui
1471 4011 1915 4124 nuncupati
1973 4009 2218 4094 effent
2289 4010 2499 4094 ludi:
2559 4014 2695 4121 qui
2758 4011 2813 4094 fi
2879 4010 3100 4095 fune-

372 4130 558 4210 bres
623 4124 867 4210 essent
904 4187 928 4231 ,
989 4124 1131 4210 ista
1191 4127 1380 4211 Diis
1410 4128 1800 4210 Manibus
1845 4125 2427 4211 inscribebatur
2476 4157 2613 4212 ara
2649 4187 2669 4208 .
2736 4132 2885 4212 Hae
2933 4129 3102 4212 duae

377 4242 634 4328 nostri
693 4247 1119 4328 marmoris
1177 4272 1326 4326 arae
1387 4246 1637 4328 ambae
1675 4244 2012 4350 ardent,
2072 4246 2147 4325 8<
2192 4243 2508 4328 corollis
2562 4241 3099 4356 ornataesum3

372 4363 643 4445 altera
706 4388 982 4444 tamen
1020 4361 1420 4475 quadrata
1447 4422 1473 4468 ,
1540 4361 1797 4446 altera
1838 4361 2572 4473 rotunda3quali8‚
2601 4386 2688 4443 ut
2725 4361 3099 4467 diximuS,

371 4482 583 4590 poni
650 4504 842 4565 ante
899 4482 1261 4593 privatas
1312 4480 1504 4563 aedes
1564 4477 2042 4585 consuevit,
2126 4480 2316 4561 licet
2378 4482 2463 4560 in
2528 4505 2862 4563 acumen
2933 4508 3096 4562 non

371 4593 745 4681 desinat.
1809 4612 1812 4617 ’

503 4712 894 4800 Personas
926 4772 953 4825 ,
1015 4713 1342 4828 arasque
1376 4713 1769 4801 vidimus:
1807 4738 2105 4801 „cetera
2149 4712 2309 4824 jam
2362 4742 2525 4798 non
2574 4713 2922 4797 multam
2951 4743 3118 4800 me-

2811 4859 2989 4917 ren-
