4484 5850
1094 572 1633 691 sum-rm.
1694 569 2192 662 ρωπος.
2252 570 2526 657 Auo.
2585 574 2954 663 TAUR.
3142 578 3152 593 ’
3271 486 3316 569 ³

643 810 824 930 Jam
889 836 1089 895 vero
1137 807 1193 894 si
1240 808 1595 896 nostrum
1642 838 1830 895 cum
1890 835 1939 895 a
1982 808 2391 926 Pingonio
2453 808 2711 895 relato
2758 808 3025 924 lapide
3074 808 3438 901 confera-

653 957 888 1036 muS,
936 927 1080 1013 dili
1143 930 1606 1043 entiorique
1675 926 1930 1013 studio
1988 954 2427 1043 utrumque
2496 927 2995 1015 considerare
3038 931 3440 1041 velimuS,
3543 1035 3556 1048 .

637 1076 928 1164 parem
987 959 1137 1131 είίξ
1173 1108 1202 1156 ,
1260 1076 1353 1133 ac
1404 1045 1911 1132 simillimam
1972 1043 2140 1132 fere
2195 1043 2466 1132 utrius
2515 1075 2611 1132 ue
2682 1048 2846 1132 Dei
2910 1045 3314 1157 formam,
3361 1050 3443 1133 &

644 1168 1147 1283 imaginem,
1205 1167 1285 1249 8<
1332 1192 1584 1250 unum
1626 1165 1727 1250 ad
1780 1164 2133 1251 alterurn
2179 1162 2217 1279 (
2261 1164 2317 1248 fi
2366 1078 2676 1251 baalam
2718 1163 3003 1250 demas
3049 1227 3076 1277 ,
3147 1168 3274 1253 cui
3311 1196 3444 1250 no-

647 1282 803 1369 ster
851 1284 1363 1370 dextrorsum
1411 1278 1884 1392 innititur)
1931 1281 2323 1370 facillime
2389 1282 2733 1391 referri,
2803 1312 2969 1369 non
3043 1310 3220 1371 tam
3292 1286 3446 1369 ini-

651 1431 812 1517 que
862 1401 1346 1517 pollicemur
1393 1462 1423 1510 ,
1483 1430 1633 1488 nec
1695 1399 1979 1487 miser-e
2008 1433 2038 1517 ;
2096 1426 2438 1518 uterque
2513 1398 2905 1515 siquidem
2964 1403 3046 1486 in
3095 1429 3446 1518 utroque

639 1519 831 1603 saxo
886 1520 1142 1606 nudus
1188 1520 1562 1636 Jupiter,
1620 1544 1964 1635 uterque
2037 1519 2348 1630 juvenis
2381 1582 2409 1630 ,
2482 1521 2562 1604 δε
2618 1521 3058 1605 imberbis:
3128 1520 3444 1604 fulmen

631 1638 774 1721 ille
824 1698 856 1746 ,
918 1637 1460 1755 clypeumque
1519 1663 1751 1726 tenet
1796 1669 1822 1751 3
1895 1636 2158 1724 noster
2220 1638 2361 1725 hic
2429 1638 2742 1725 fulmen
2790 1700 2818 1747 ,
2872 1638 3087 1754 quod
3137 1636 3447 1723 sinistra

635 1757 1097 1870 praetulerit
1136 1818 1164 1865 ,
1209 1785 1355 1842 nos
1399 1781 1678 1871 aperte
1729 1755 2023 1844 docent
2079 1755 2413 1844 infinita
2460 1757 3051 1874 propemodum
3093 1760 3452 1842 marmo·'

634 1901 728 1958 ra
773 1881 848 1990 J.
905 1878 1014 1960 O.
1071 1881 1199 1959 M.
1253 1874 1582 1985 dicata,
1634 1879 1724 1961 in
1795 1878 2085 1993 quibus
2150 1880 2521 1962 Deorum
2569 1936 2596 1984 ,
2655 1877 3249 1990 hominumque
3307 1876 3448 1959 Sa·

634 1984 904 2076 torefn
954 1990 1300 2078 fulmine
1349 2054 1377 2101 ,
1418 1992 1906 2109 'potestati3,
1962 1993 2548 2111 dignitatisque
2602 1991 2971 2108 symbolo
3020 2016 3439 2081 armatum
3481 2072 3499 2141 (
3570 2071 3727 2133 Νι

627 2110 908 2196 videre
967 2108 1074 2196 est
1100 2141 1132 2226 3
1195 2110 1409 2199 unde
1461 2112 1809 2198 Ovidius
1857 2111 1975 2224 [e]
2490 2122 2504 2137 '
3476 2074 3705 2223 0⁸.)437,
3733 2072 3920 2150 M*

987 2339 1367 2429 Fulmina
1400 2345 1577 2460 poli
1634 2344 1841 2456 aufin·
1894 2341 2206 2427 Coelun}
2262 2343 2622 2458 affeHare
2668 2348 3047 2463 Gigantes

1112 2466 1176 2542 S
1185 2482 1404 2546 umta
1440 2466 1518 2571 J
1519 2462 1651 2545 ovi
1672 2523 1699 2572 ,
1753 2462 2009 2581 primo
2055 2486 2395 2579 tempore
2453 2464 2766 2546 inermis
2813 2486 2985 2547 erat
3007 2521 3035 2548 .

644 2698 761 2784 Et
823 2696 1220 2819 Virgilius
1280 2699 1421 2785 lib.
1492 2725 1569 2783 1.
1628 2701 1930 2817 Georg.

992 2935 1167 3054 Ipfi’
1209 2943 1456 3022 Pater
1517 2934 1770 3021 media
1818 2933 2239 3021 nimborum
2298 2934 2386 3021 in
2428 2934 2618 3024 nube
2660 2934 3045 3051 coruscam·

997 3052 1375 3141 fulmina
1439 3049 1757 3141 molitur
1811 3053 2087 3140 dextra
2107 3113 2133 3142 .

647 3291 966 3378 Exinde
1045 3288 1377 3402 κεραύνιος
1444 3277 1930 3379 fulminator
1992 3293 2295 3380 dicitur
2365 3291 2766 3408 Orpheo,
2827 3293 2906 3377 8:
2966 3286 3442 3404 οἷκροκέμιυνος

629 3402 967 3519 fielmine
1000 3409 1309 3521 summa
1344 3436 1615 3530 petens
1658 3410 2122 3524 adpellatur
2181 3412 2287 3496 ab
2333 3415 2746 3495 Homero.
2813 3414 3259 3496 Mar'moris
3304 3442 3440 3499 au·

654 3551 823 3612 tem
869 3527 1223 3615 informe
1273 3528 1654 3647 fragmen
1701 3589 1730 3636 ,
1786 3527 2000 3640 quod
2046 3557 2091 3613 e
2152 3529 2349 3614 laevo
2414 3527 2749 3614 brachio
2820 3527 3051 3614 educi
3115 3528 3441 3618 videtur

645 3646 1015 3730 cubitum
1071 3645 1390 3755 versuS,
1451 3647 1877 3764 quidpiam
1936 3644 2120 3730 sane
2169 3671 2463 3760 praeter
2497 3645 2814 3731 fulmen
2871 3644 3202 3731 tenuisse
3272 3678 3439 3735 non

644 3762 969 3850 obscure
1017 3765 1326 3850 indicat
1376 3795 1395 3847 ε
1461 3766 1655 3878 quid
1715 3793 1913 3849 vero
1962 3762 2110 3848 nifi
2160 3764 2538 3876 clypeum
2568 3823 2595 3868 ,
2656 3793 2817 3879 quo
2867 3761 3098 3850 simul
3153 3794 3246 3850 ac
3292 3764 3441 3850 ful·

652 3883 928 3989 mine,
980 3907 1068 3966 ut
1118 3883 1205 3966 in
1238 3884 1754 3998 Pingoniano
1818 3879 2088 3995 lapide
2117 3907 2505 3988 ,ornatus
2551 3879 2930 3967 effet?Et
2961 3912 3437 3996 quanquam

654 4000 972 4088 Summi
1035 4002 1199 4085 Dei
1247 3999 1495 4086 facies
1569 3996 1847 4085 abrasa
1933 4000 2310 4113 penitus,
2367 3998 2444 4081 8<
2513 3997 2782 4087 deleta
2846 3999 3440 4114 conspiciatur,
3513 3989 3524 4002 ⁸

651 4116 946 4203 adeout
995 4116 1239 4204 fidem
1289 4117 1556 4204 facere
1603 4116 1821 4203 haud
1857 4116 2694 4231 poffimu8,barbatus
2744 4117 3045 4223 fuerit,
3092 4145 3239 4202 nec
3278 4131 3445 4203 ne?

562 4283 571 4290 ·
654 4236 1106 4323 imberbem
1162 4261 1441 4323 tamen
1491 4236 1776 4321 damus
1821 4234 2371 4343 liberiuscule,
2441 4266 2539 4322 eo
2620 4235 2910 4341 modo,
2981 4264 3142 4349 quo
3188 4239 3443 4322 cerni-

651 4374 788 4436 tur
854 4356 944 4436 in
1016 4357 1406 4469 Pingonii
1468 4378 1932 4439 memorato
1984 4353 2173 4440 saxo
2226 4386 2256 4466 ;
2315 4382 2417 4437 ex
2468 4357 2631 4438 oris
2677 4354 2952 4458 enim,
3019 4352 3443 4469 vultusque

659 4465 1041 4584 insculpti
1107 4475 1273 4558 Dei
1332 4470 1747 4586 superficie
1784 4532 1812 4579 ,
1899 4472 1977 4555 8<
2038 4472 2632 4588 lineamentist,
2690 4472 3066 4584 quamvis
3126 4469 3290 4556 haec
3336 4477 3442 4559 ob

647 4585 1138 4674 vetustatem
1185 4650 1214 4697 ,
1287 4616 1428 4677 aut
1475 4591 1683 4674 aeris
1731 4590 2346 4672 inclementiam
2411 4585 2583 4672 fere
2632 4586 3080 4674 exciderint
3125 4650 3154 4697 ,
3224 4588 3443 4677 haud

650 4705 978 4794 videtur
1030 4706 1487 4798 verosimile
1539 4732 1718 4798 tam
1783 4702 2258 4909 prgmiffam
2304 4705 2698 4820 barbam,
2763 4708 3439 4908 tantaquefimaje-

1993 4846 2043 4908 2
3189 4849 3324 4914 ate
