4484 5850
1443 439 1774 623 bug-³32
1831 526 2247 647 potestatis
2289 533 2506 615 XIV.
2566 528 2749 617 Cal.
2798 526 3088 615 oe‘cob.
3152 529 3252 614 ab
3312 529 3468 616 hoc
3518 528 3684 645 ipso
3729 526 3857 618 die
3918 534 4153 649 usque

1446 652 1533 733 in
1576 648 1822 749 finem
1870 652 2072 734 anni
2120 648 2377 763 posita
2421 645 2567 733 effe
2616 647 2872 763 potest
2936 648 3202 732 nostra
3268 678 3726 734 marmorea
3786 653 4098 737 tabula.

1569 766 1931 850 Vicissim
1996 766 2052 852 fi
2101 795 2319 851 anno
2366 770 2592 852 CIV.
2649 766 3033 878 quintum
3089 766 3311 882 gessit
3364 766 3911 853 Consulatum
3977 798 4160 854 cum

1450 885 1737 970 eodem
1837 914 2056 970 anno
2164 883 2606 999 septimum
2665 887 3160 969 Tribunitiae
3255 883 3665 998 potestatis
3734 885 4167 971 absolverit

1452 1007 1679 1089 XIV.
1722 1003 1904 1089 Cal.
1949 1001 2244 1088 oaob.
2312 1031 2360 1087 a
2424 1001 2606 1087 Cal.
2676 1006 2856 1118 Jan.
2932 1002 3034 1087 ad
3097 1007 3312 1087 XIV.
3379 1004 3561 1088 Cal.
3621 1001 3916 1088 oetob.
3969 1007 4162 1118 poni

1453 1121 1730 1236 potuit
1773 1183 1801 1229 ,
1887 1124 2084 1236 quia
2161 1150 2261 1206 eo
2331 1119 2594 1234 spatio
2676 1122 3067 1235 temporis
3140 1146 3599 1236 congruunt
3667 1119 3810 1205 fibi
3886 1148 4168 1207 mutuo

1467 1242 1695 1323 CIV.
1759 1238 2069 1325 Christi
2144 1267 2454 1345 annm,
2526 1241 2604 1322 &
2673 1236 3060 1354 septimus
3125 1240 3615 1324 Tribunitiae
3688 1239 4169 1351 potestatis,

1464 1356 1895 1472 &quintus
1919 1355 2405 1443 Consulatus
2452 1355 2847 1465 Traiani.
2886 1358 3143 1443 Sicuti
3178 1358 3443 1442 trium
3481 1358 3739 1441 etiarn
3777 1356 4171 1442 'mensium

1463 1472 1727 1589 spatio
1782 1502 2237 1592 congruunt
2284 1472 2427 1558 fibi
2484 1499 2761 1559 mutuo
2808 1478 3036 1560 CIII.
3068 1473 3409 1560 „Christi
3455 1484 3766 1582 annus,
3813 1475 3891 1557 3<
3941 1475 4215 1589 septi-⁴.

1468 1620 1656 1676 mus
1678 1594 2168 1678 Tribunitiae
2213 1591 2680 1710 potestatis,
2753 1593 2831 1674 8<
2882 1595 3213 1705 quintus
3252 1590 3598 1702 Trajani
3646 1591 4176 1678 ConsulatuS.

1470 1715 1971 1826 Quanquam
2018 1739 2215 1797 vero
2265 1710 2606 1797 arduum
2664 1709 2757 1795 sit
2810 1738 2987 1795 rem
3023 1709 3411 1817 definire,
3459 1736 3739 1795 tamen
3782 1710 4184 1797 verosimi-

1471 1828 1627 1913 lius
1675 1829 1904 1914 nobis
1955 1829 2283 1914 videtur
2329 1858 2549 1914 anno
2596 1826 2907 1915 Christi
2944 1833 3173 1914 CIII.
3226 1832 3607 1943 quintum
3647 1828 4182 1913 Consulatum

1009 1950 1105 2072 {fg
1144 1944 1441 2073 &22³⁸
1480 1976 1527 2031 a
1584 1945 1949 2054 Traiano
2006 1948 2360 2033 initum.
2411 1950 2605 2032 Haec
2661 1945 2771 2031 est
2818 1948 3075 2032 etiam
3146 1949 3479 2033 Fabzeti
3542 1944 3957 2032 sententia
4007 1944 4184 2059 [k],
4254 1952 4259 1956 ’

1011 2104 1119 2157 cap.
1164 2041 1439 2163 9422‘77.
1478 2067 1619 2180 qui
1681 2062 2137 2151 observavit
2213 2068 2305 2149 in
2379 2063 2991 2151 numismatibus
3044 2063 3361 2149 eodem
3416 2093 3638 2149 anno
3697 2065 4189 2149 Tribunitiae

1481 2179 1901 2299 potestatis
1948 2181 2296 2297 septimo
2345 2180 2537 2268 cufis
2582 2182 2825 2269 modo
2886 2180 3329 2267 Consulem
3383 2180 3889 2297 designatum
3925 2242 3958 2290 ‚
4028 2211 4185 2267 mo·

1483 2302 1588 2385 do
1623 2299 2061 2385 Consulem
2100 2306 2202 2384 V:
2249 2299 2408 2386 dici
2435 2299 2945 2410 Trajanum.
2998 2300 3383 2413 Adeoque
3432 2299 3579 2384 nisi
3620 2297 3969 2384 sublestae
4015 2299 4191 2385 fidei
4256 2382 4269 2390 .

1487 2417 1644 2507 sint
1708 2421 1765 2505 ii
1810 2422 2223 2527 Nummi,
2278 2441 2369 2502 ut
2417 2420 2789 2505 nonnulli
2834 2417 3329 2531 suspicantur
3389 2417 3750 2523 eruditi,
3824 2415 4201 2526 jamcer-

1490 2562 1670 2621 tum
1711 2538 2053 2622 omnino
2089 2534 2198 2620 est
2245 2533 2594 2624 nostram
2635 2537 2847 2620 hanc
2889 2534 3501 2650 inscriptionem
3538 2534 3929 2646 sculptam
3982 2533 4197 2629 fin'ffg

1494 2667 1634 2738 aut
1704 2655 2018 2737 ultimis
2087 2652 2465 2739 Ostobris
2568 2655 2845 2741 diebus
2878 2716 2905 2761 ,
2991 2655 3125 2739 vel
3214 2651 3609 2771 mensibus
3684 2655 4195 2760 Novembri,

1500 2795 1638 2855 aut
1696 2773 2135 2861 Decembri
2186 2774 2383 2859 anni
2428 2771 2732 2857 Christi
2783 2777 3009 2858 CIII.
3836 2830 3845 2837 -

1618 2888 1850 2970 Patri
1926 2888 2260 2974 Patria.
2320 2893 2587 2976 Patris
2651 2893 2941 2977 Patriae
2987 2920 3287 2977 nomen
3346 2890 3762 2976 decretum
3808 2886 3923 2973 est
3967 2918 4020 2976 a
4075 2890 4198 2975 Se·

1506 3031 1705 3092 natu
1761 3005 2123 3117 Trajano
2170 3010 2434 3119 primo
2479 3008 2693 3096 illius
2746 3010 3075 3124 imperii
3122 3040 3339 3094 anno
3367 3070 3392 3115 ,
3454 3037 3641 3094 cum
3687 3013 4051 3094 Romam
4086 3008 4203 3091 de-

1506 3122 1741 3208 viffis
1797 3126 2226 3212 Germanis
2298 3126 2633 3213 venisset
2673 3187 2694 3211 .
2762 3130 3043 3244 AEgre-
3088 3128 3521 3212 admodum
3597 3126 3796 3210 illud
3836 3127 4203 3240 accepit,

1509 3244 1590 3326 δε
1644 3240 1959 3332 nonnisi
2006 3242 2173 3357 post
2237 3243 2551 3330 sextum
2606 3244 3143 3332 Consulatum
3217 3248 3302 3328 in
3362 3246 3917 3328 monumentis
3963 3245 4206 3359 publi-

1513 3361 1626 3444 cis
1698 3359 1881 3444 addi
1951 3363 2211 3448 voluit
2250 3421 2271 3444 .
2339 3361 2488 3466 1119
2558 3365 2834 3476 itaque
2909 3366 3229 3471 invito,
3300 3366 3387 3446 in
3452 3359 3721 3450 nostro
3790 3389 4199 3445 marmore

1513 3474 1927 3564 additum.
1965 3483 2221 3568 Pater
2287 3483 2574 3565 Patriae
2623 3485 2929 3595 primus
2998 3481 3390 3565 Romulus
3443 3478 3776 3586 dietus„
3824 3478 4207 3564 *secundus

1517 3591 1920 3682 Camillus
1985 3596 2089 3679 ob
2157 3594 2409 3683 vissos
2465 3600 2741 3685 Gallos
2812 3629 2860 3684 a
2914 3599 3309 3683 militibus
3388 3598 3841 3704 salutatus,
3928 3598 4205 3682 tertius

1484 3707 1816 3802 .Cicero
1873 3711 1976 3796 ob
2021 3712 2477 3823 deteRam,
2516 3717 2591 3796 8<
2626 3714 3075 3802 extinfflam
3121 3717 3707 3802 Catilinariam
3752 3714 4212 3823 conjuratio-

1528 3858 1720 3915 nem
1768 3834 2054 3918 Patriae
2123 3837 2367 3920 Pater
2435 3833 2744 3920 audiit.
2821 3840 3049 3922 Tum
3116 3836 3493 3947 deinceps
3566 3831 4016 3949 Augustus,
4080 3832 4209 3947 qui

1527 3947 1610 4031 id
1649 3950 2015 4034 nominis
2081 3948 2220 4034 diu
2253 3950 2785 4056 detrestavit‚
2822 3954 2923 4036 r&
2971 3952 3144 4038 sero
3202 3954 3559 4067 recepit,
3636 3978 3731 4035 ut
3773 3953 4027 4034 etiam
4080 3977 4207 4061 per

1137 4059 1454 4134 [UT-&mm
1532 4089 1874 4160 aetatem⁴
1908 4070 2196 4177 Nem,
2251 4071 2326 4154 8<
2360 4099 2514 4184 ‚per
2558 4067 3437 4156 modestiamTibenius
3474 4070 3618 4153 diu
3659 4065 4031 4152 distulere
4076 4062 4213 4177 [l].

1538 4187 1658 4288 At
1730 4188 1995 4269 caeteri
2063 4192 2605 4300 Imperatores
2649 4187 2931 4280 statim.
2969 4188 3613 4302 post-acceptum
3660 4188 3771 4269 im
3837 4181 4215 4271 eriumid

1542 4303 1895 4390 nominis
1955 4301 2483 4417 usurpabant.
2550 4310 2782 4394 Secus
2843 4305 3247 4416 Trajanus
3318 4304 3630 4391 tamdiu
3683 4303 3764 4388 di
3920 4308 4051 4411 it,
4098 4301 4219 4386 do-

1542 4451 1689 4507 nec
1738 4418 2069 4514 devifilis
2125 4425 2372 4530 Dacis
2437 4423 2520 4514 id
2560 4423 2751 4536 jam,
2778 4428 3108 4510 meritus
3174 4423 3826 4510 effevideretur.
3884 4419 4214 4536 Qua-de

1110 4577 1259 4621 num.
1293 4584 1377 4619 ιι.
1480 4529 1497 4547 ’
1537 4569 1621 4628 re
1673 4540 1975 4630 Plinius
2019 4537 2164 4654 (m)
2198 4600 2220 4623 .
2261 4549 2389 4624 At
2442 4565 2528 4622 tu
2576 4544 2817 4628 etiam
2860 4574 3129 4628 mmm
3172 4543 3447 4626 Patris
3479 4541 3771 4623 Patriae
3805 4536 4216 4650 recusabas.

1547 4662 1820 4779 Qum
1900 4654 2124 4773 longa
2178 4658 2385 4743 nobis
2438 4677 2617 4751 cu'm
2664 4657 3029 4775 modestia
3107 4687 3269 4746 tua.
3306 4663 3566 4779 pugna
3604 4666 3635 4741 ,Ι
3692 4689 3941 4774 quam
4014 4653 4251 4758 πτὼξ

1575 4843 1598 4856 -
1905 4825 1914 4830 ·
3036 4817 3187 4865 'fill
3252 4817 3323 4862 μ’
3396 4831 3455 4862 ..1
3598 4811 3659 4861 ‘.
3744 4833 3763 4858 ,2
3832 4805 4127 4858 vvis!-
4226 4831 4245 4844 ι
