4484 5850
1816 580 2240 665 LXIV.

607 2973 747 3054 Uo
820 2992 1148 3060 tanturn
1215 2977 1558 3064 nomina
1622 2980 1999 3065 continet
2065 2976 2220 3065 hoc
2289 2985 2727 3066 Marmor:
2787 2976 2886 3063 de
2948 2980 3090 3067 illo

662 3089 1037 3196 iterum,
1089 3121 1343 3201 quum
1405 3094 1507 3177 de
1575 3122 1769 3179 arcu
1831 3093 2221 3180 Seeufino·
2263 3097 2673 3183 dicemus„
2732 3099 3086 3184 Interim

334 3198 461 3285 ita
519 3209 855 3288 nomina
914 3203 1379 3320 supplemus
1413 3265 1437 3290 .

569 3382 886 3462 Marcus
924 3376 1207 3490 Julius
1266 3379 1500 3466 Cotti
1534 3380 1571 3497 (
1602 3382 1658 3466 ἱ.
1708 3415 1776 3468 e.
1816 3386 2070 3502 Regis
2106 3381 2372 3472 Marci
2376 3391 2454 3498 J
2457 3382 2607 3469 ulii
2638 3384 2960 3500 Cottii)

573 3497 935 3581 Libertus
991 3499 1337 3583 Urbanus
1394 3502 1634 3584 Sevir

570 3619 890 3699 Marcus
929 3620 1006 3726 J
1009 3613 1211 3728 nlius
1256 3617 1562 3748 ‘Urbani
1631 3618 1983 3703 Libertus
2041 3628 2305 3735 Aptus
2341 3688 2360 3707 .

455 3795 662 3880 Duae
713 3791 895 3881 heic
942 3792 1148 3877 datae
1195 3794 1621 3879 libertates
1654 3795 2143 3880 indicantur.
2190 3802 2373 3880 Rex
2403 3795 2715 3878 Cottius
2744 3795 3074 3906 Urbano,

327 3909 675 3996 Urbanus
725 3919 938 4027 Apro
985 3911 1456 4012 libertatem
1518 3912 1914 3998 donavit.
1993 3911 2338 3996 Urbanus
2401 3939 2860 4029 praenomen
2913 3976 2940 4024 ,
3000 3917 3078 3998 8(

330 4058 642 4117 nomen
700 4028 968 4112 Marci
1008 4024 1234 4135 sulii
1266 4059 1314 4114 a
1370 4054 1723 4143 patrono
1782 4057 2260 4146 acceptum,
2320 4030 2456 4117 suo
2503 4031 2817 4115 Liberto
2862 4040 3078 4149 Apto

328 4146 837 4253 transmisit,
901 4173 1100 4232 nam
1167 4145 1474 4231 Liberti
1540 4147 1761 4265 quast
1821 4178 2006 4262 pars
2063 4149 2396 4234 familiae
2467 4149 2997 4235 censebantur
3048 4210 3077 4258 ,

332 4264 879 4354 &libertates
912 4262 1453 4377 adoptionum
1490 4267 1892 4352 rationem
1946 4267 2366 4354 habebant
2395 4325 2417 4349 .
2465 4273 2754 4382 Itaque
2799 4296 3077 4381 quem-

330 4381 773 4470 admodum
834 4382 1273 4495 adoptatus
1333 4414 1382 4470 a
1433 4382 1602 4470 filio
1649 4384 2042 4498 adoptivo
2095 4385 2183 4470 in
2239 4381 2724 4500 potestatem
2790 4381 3077 4469 tranfit

325 4499 595 4618 patris
645 4499 1120 4615 adoptantis
1165 4500 1310 4588 fibi
1369 4500 1683 4612 filium,
1749 4507 1872 4589 ita
1932 4501 2199 4589 servus
2277 4503 2664 4588 libertate
2724 4501 3075 4585 donatus

331 4621 439 4705 ab
498 4620 660 4705 alio
727 4620 1074 4729 liberto,
1137 4618 1354 4705 illius
1387 4625 1647 4712 etiam
1684 4621 2025 4714 libertus
2059 4621 2475 4733 censenti,
2518 4619 2663 4736 qui
2707 4620 3072 4735 primum

329 4735 574 4846 {llum
631 4737 1014 4831 libertate
1072 4735 1470 4856 donavitg
1528 4769 1539 4774 ·

746 4883 753 4888 ·
806 4853 817 4858 ’
1625 4866 1674 4962 I
1735 4885 1787 4966 ζ
2634 4861 2706 4945 L
2736 4859 2814 4943 X
2844 4860 2949 4941 V.
