4484 5850
2860 460 2898 521 2

402 574 666 660 cut-2,
733 552 866 638 vel
916 549 1268 667 praefidio
1339 552 1644 670 aliquid
1715 554 2311 640 committitur:
2376 554 2494 638 ita
2566 553 2650 637 in
2722 464 3127 641 veteiilzus

400 669 1060 785 inscriptionibus
1107 674 1449 786 legimus
1509 675 1693 758 Diis
1740 669 2428 781 Conservatoribus
2499 673 2887 784 Reipubl.
2936 681 3126 757 Mu·

389 790 731 901 nicipii,
793 789 1153 874 Coloniae
1195 791 1344 874 &c.
1393 794 1576 876 Diis
1614 792 2006 874 nimirum
2064 790 2393 874 illorum
2448 791 2809 873 locorum
2875 789 3124 875 custo·

377 903 660 988 dibus:
728 907 804 989 8<
871 905 1544 1017 conservatoribus
1590 908 1875 992 aedium
1939 908 2347 992 sacrarum
2386 968 2412 1014 ,
2492 936 2767 992 earum
2818 936 3117 1024 nempe

371 1026 888 1123 curatoribus
933 1082 955 1107 .
1017 1029 1488 1110 Servatores
1557 1055 1753 1110 vero
1803 1024 1983 1110 sunt
2045 1028 2168 1131 ii,
2214 1026 2354 1136 qui
2415 1026 2518 1109 ab
2568 1026 2844 1138 aliquo
2910 1030 3119 1139 peri·

372 1142 558 1223 culo
604 1142 1085 1256 Rempubl.,
1133 1169 1273 1227 aut
1330 1144 1690 1257 aliquam
1737 1145 2047 1228 civium
2094 1170 2420 1257 partem
2450 1142 3110 1255 ·vindicaverint;

370 1258 595 1370 quod
668 1288 969 1345 nomen
1040 1264 1685 1374 Imperatoribus
1742 1262 1844 1345 ab
1919 1260 2427 1346 acclamante
2507 1262 2868 1344 exercitu
2932 1261 3113 1346 dari

367 1373 857 1461 consuevisse
909 1377 1145 1463 facile
1191 1383 1553 1464 innuunt
1623 1378 1766 1463 illa
1815 1384 1924 1463 T.
1979 1380 2196 1461 Livii
2245 1379 2495 1462 verba
2536 1407 2812 1491 agmen
2862 1381 3109 1493 Impe-

362 1515 582 1589 rfttor
634 1491 942 1602 secutus
985 1495 1607 1611 prosequentibus
1652 1495 1928 1578 cunHis
1961 1492 2441 1606 firmatorem
2495 1555 2522 1600 ,
2593 1488 3108 1579 liberatorem·
3228 1532 3239 1541 ·

363 1641 518 1722 que
571 1602 1201 1698 acclamantibus.
1266 1621 1663 1701 Ceterum
1715 1645 1863 1701 nec
1938 1608 2233 1729 optimi
2293 1612 2610 1726 semper
2669 1611 3103 1728 scriptores

365 1729 595 1823 hanc
659 1730 877 1815 inter
924 1736 1441 1819 Servatorem
1469 1794 1495 1841 ‚
1542 1734 1619 1816 8(
1667 1731 2355 1839 Conservatorem
2402 1729 2833 1819 observant
2881 1730 3100 1816 diffe-

367 1846 790 1932 rentiam.
847 1856 1093 1935 Hanc
1139 1881 1332 1936 vero
1399 1852 1862 1937 columnam
1938 1880 2123 1936 cum
2190 1848 2335 1935 ista
2420 1849 2868 1965 epigraphe
2916 1879 3095 1966 gra·

359 1963 786 2049 tulationis
870 1969 1125 2053 caussa
1194 1971 1298 2053 ob
1370 1970 1760 2084 infignem
1829 1970 2190 2084 aliquam
2244 1963 2724 2074 viaoriam,
2787 1993 2929 2051 aut
2986 1968 3125 2063 ob,

361 2076 825 2169 confefflum
886 2084 1238 2171 feliciter
1309 2088 1607 2171 bellum
1681 2085 2025 2199 positam
2094 2082 2314 2168 fuiss‘e
2393 2114 2492 2167 ex
2574 2109 3090 2198 temporum,

356 2198 885 2315 locorumque
953 2203 1576 2289 circumstantiis
1631 2207 1754 2288 ita
1823 2204 2276 2318 colligimus
2317 2262 2337 2284 .
2420 2206 2669 2285 Anno
2742 2231 2788 2285 a
2848 2228 3091 2314 partu

359 2318 735 2432 Virginis
811 2323 1264 2406 CCCLIII.
1313 2323 1416 2406 ab
1475 2321 1671 2407 urbe
1727 2323 2054 2406 condita
2125 2323 2555 2407 CIDCVI.
2615 2315 3086 2414 Constantii

350 2438 699 2546 Imperii
749 2465 968 2522 anno
1021 2445 1238 2522 XVI.
1276 2439 1410 2524 vel
1458 2444 1721 2523 XVII.
1756 2439 1968 2525 Coss.
1991 2437 2476 2524 Constantio
2532 2441 2743 2551 Aug.
2772 2442 2916 2519 VI.
2946 2436 3075 2544 ,ὃς

354 2550 843 2639 Constantio
892 2556 1129 2640 Gallo
1163 2558 1472 2644 Caesare
1518 2563 1623 2640 11.
1671 2558 1962 2664 Gallo,
2004 2558 2144 2670 qui
2195 2552 2458 2638 Caesar
2498 2584 2543 2637 a
2594 2551 3076 2639 Constantio

355 2667 744 2783 superiori
805 2702 1025 2756 anno
1107 2673 1361 2759 fac‘tus
1432 2675 1751 2781 fuerat,
1799 2677 2058 2758 multa
2117 2673 2495 2786 praeclara
2580 2694 2912 2787 gerente
2991 2674 3078 2754 in

356 2788 710 2872 Oriente
740 2851 765 2897 ,
811 2820 977 2904 quo
1021 2816 1111 2876 ut
1139 2792 1388 2877 Perfis
1445 2794 1940 2877 irruentibus
1986 2817 2442 2876 occurreret
2491 2788 2758 2873 missus
2784 2787 3076 2895 fuerat,

358 2903 886 2998 Constantius
916 2913 1553 3028 Magnentium,
1609 2911 1751 3027 qui
1799 2910 1940 2994 fibi
1998 2907 2526 3022 usurpaverat
2579 2908 3071 3021 imperium,

357 3025 609 3107 variis
645 3029 752 3110 oin
830 3029 1021 3111 locis
1088 3028 1393 3113 vicium
1445 3091 1472 3137 ,
1547 3028 2081 3144 fugatumque
2128 3088 2158 3132 ‚
2236 3027 2597 3123 tandem,
2648 3025 2746 3110 acl
2817 3025 3071 3138 Alpes

355 3144 688 3227 Cottias
725 3146 846 3227 ita
901 3147 1370 3261 profligavit
1412 3208 1439 3253 ‚
1508 3169 1596 3230 ut
1642 3149 1725 3229 in
1785 3143 1908 3259 (k)
1967 3145 2613 3257 desperationem
2663 3143 2797 3225 ille
2840 3141 3103 3225 addu··
3190 3187 3287 3253 (χ)
3340 3187 3557 3243 gurm

347 3255 520 3340 &us
562 3320 589 3365 ‚
661 3258 934 3345 furens
1005 3266 1088 3346 in
1153 3266 1454 3349 amicos
1497 3324 1524 3368 ‚
1607 3293 1696 3346 ac
1761 3261 2227 3345 necessarios
2290 3259 2463 3344 suos
2531 3258 2750 3342 ferro
2809 3256 3073 3342 striclo
3104 3259 3558 3384 §2322ssssssst

345 3369 668 3459 irruens
716 3377 1013 3463 multos
1046 3382 1371 3464 illorum
1417 3380 1852 3484 occiderit,
1925 3408 2018 3461 ac
2061 3375 2419 3488 seipsum
2473 3374 2806 3459 tandem
2868 3377 3075 3458 inte·

343 3496 735 3578 renuerit.
796 3499 1135 3583 Ultimae
1184 3528 1375 3582 vero
1427 3495 2008 3583 Constantium
2058 3493 2278 3577 inter
2340 3494 2416 3574 8(
2479 3493 3073 3608 Magnentium

344 3638 640 3726 pugnae
742 3613 957 3698 locus
1023 3646 1190 3700 non
1263 3614 1568 3701 constat
1637 3643 1738 3698 ex
1824 3611 2590 3722 historici830mnes
2656 3636 2937 3695 tamen
2983 3606 3074 3692 il·

344 3727 522 3812 lurn
589 3729 803 3816 ultra
847 3733 1096 3847 Alpes
1144 3739 1470 3820 Cottias
1526 3761 1693 3818 non
1746 3731 1988 3851 longe
2037 3731 2138 3813 ab
2193 3727 2381 3840 ipfis
2427 3752 2743 3843 ponunt
2779 3786 2801 3811 .

401 3941 414 3950 '
497 3959 1223 4055 REIPUBLICAE
1262 4032 1289 4079 ‚
1349 3973 1512 4055 ET
1574 3972 2086 4056 OMNIUM
2147 3969 2923 4061 PROVINCIAL.

458 4199 933 4319 Reipublicae
984 4268 1009 4314 ‚
1072 4203 1171 4290 Ο·
1229 4208 1565 4289 omnium
1623 4198 2238 4287 Provincialium
2277 4264 2303 4310 ,
2387 4233 2565 4286 non.
2611 4201 3088 4292 Provinciffi,

336 4348 512 4403 rum
559 4382 586 4428 ,
676 4347 770 4406 ut
852 4326 937 4406 in
1021 4353 1234 4409 novo
1311 4326 1757 4410 Muratorii
1829 4317 2253 4408 Thesauro
2332 4321 2673 4434 legitur.
2734 4322 3057 4403 Littera

336 4440 647 4552 quippe
711 4445 806 4521 L.
864 4444 1397 4558 integerrima
1430 4504 1456 4550 ,
1507 4445 1583 4525 3<
1634 4442 1990 4524 maxime
2031 4438 2456 4553 conspicua
2494 4434 2644 4520 est.
3080 4511 3087 4518 .

463 4557 1009 4642 Provinciales
1084 4561 1183 4644 ab
1245 4559 1412 4674 ipsa
1482 4561 1904 4645 Ciceronis
1974 4580 2208 4642 aetate
2259 4555 2318 4637 ii
2366 4551 2556 4637 dieti
2604 4552 2781 4636 sunt
2829 4614 2873 4666 ,ι
2917 4548 3057 4664 qui

335 4702 440 4758 ex
495 4674 938 4764 Provinciis
995 4672 1274 4793 eſj‘ent,
1331 4677 1522 4789 five,
1567 4700 1660 4765 ut
1700 4679 1817 4762 ait
1879 4675 2288 4790 Ulpianus
2331 4671 2426 4758 de
2474 4668 3054 4789 significatione

2766 4815 2938 4871 ver·
