4484 5850
371 479 579 564 dine
652 476 799 563 has
844 477 1035 562 duas
1090 476 1406 562 tabulas
1463 476 1733 589 aliquo
1797 476 1883 560 in
1963 476 2273 591 templo
2327 539 2355 587 ,
2441 497 2585 561 aut
2649 477 2732 560 in
2796 479 3120 589 alicujus

374 598 699 681 theatri
790 596 1019 680 aditu
1098 595 1381 680 stetisse
1450 596 1785 679 veritati
1850 599 2328 708 proximum
2410 591 2521 678 est
2571 652 2595 676 .
2676 597 2905 680 Nam
3006 600 3128 682 ita

374 713 656 829 positae
742 715 920 828 pari
1008 742 1348 797 numero
1420 773 1447 819 ‚
1553 715 1893 827 parique
1991 713 2252 828 gradu
2355 711 2643 796 eodem
2745 714 3129 798 videntur

372 832 875 917 contendere
913 889 935 914 .
997 833 1462 945 Utrobique
1521 831 1701 913 dux·
1749 831 2006 914 veluti
2088 830 2451 945 agminis
2510 831 2781 942 prima
2845 834 3138 917 mulier

375 979 703 1035 ceteras
764 951 1069 1033 invitat
1125 974 1173 1054 ,·
1234 951 1500 1033 altera
1572 945 1880 1031 facibus
1963 949 2192 1030 viam
2270 947 2881 1060 praemonstrans
2939 1010 2966 1056 ‚
3023 951 3140 1034 al·

377 1093 566 1154 tera
637 1067 1196 1177 cymbalorum
1294 1064 1557 1150 sonitu
1619 1063 2052 1177 proludens
2108 1124 2130 1147 .
2237 1065 2703 1179 Utrobique
2790 1095 2963 1180 quae
3027 1066 3137 1152 se·

376 1207 750 1301 quuntur
799 1210 944 1268 aut
1009 1182 1361 1290 Bacchi,
1419 1181 1848 1268 Cererisve
1912 1184 2218 1289 annue,
2282 1208 2422 1268 aut
2478 1182 2711 1266 donis
2758 1186 3135 1269 Deorum

378 1301 844 1387 deferendis
905 1300 1085 1385 sunt
1147 1326 1552 1414 occupatae
1596 1360 1621 1381 .
1683 1299 1862 1384 Illic
1925 1299 2285 1409 thyrsuS,
2347 1298 2736 1414 persona,
2796 1301 2877 1382 8<
2969 1302 3139 1385 sru-

377 1450 520 1537 ges
578 1452 604 1529 ;
686 1421 820 1504 hic
880 1419 1038 1501 duo
1101 1418 1409 1528 thyrsi,
1471 1416 1806 1532 persona
1851 1479 1878 1525 ‚
1946 1419 2029 1498 &
2114 1418 2434 1531 aliquid
2515 1417 2741 1501 ,aliud
2812 1420 3134 1504 Baccho

377 1540 752 1622 sacrum.
819 1538 1284 1650 Utrobique
1330 1533 1622 1648 quart&
1675 1563 1968 1649 agmen
2033 1534 2413 1618 claudens
2474 1532 2916 1648 religiosior
2964 1597 2994 1642 ,
3050 1539 3128 1618 8<

376 1654 1223 1765 efferatior-videtur.
1287 1655 1466 1738 Illic
1524 1651 1880 1736 sacerdos
1945 1650 2256 1736 haedum
2303 1644 2889 1764 βαρβαακωτὲρῳ
2953 1682 3123 1738 mo·

382 1775 485 1857 do
564 1770 1165 1884 apprehensum
1223 1769 1681 1855 mae'catura
1741 1771 2006 1854 trahit
2051 1830 2080 1876 ‚
2161 1767 2330 1855 istic
2390 1772 2578 1854 Deo
2637 1770 2897 1852 veluti
2959 1773 3124 1884 ple-

374 1894 562 1975 nior
646 1887 964 1974 Baccha
1018 1949 1048 1994 ,
1125 1889 1468 2002 pallium
1558 1913 1903 2000 utraque
1990 1914 2246 1972 manu
2307 1910 2593 1971 tenens
2642 1947 2669 1993 ‚
2729 1881 2807 1968 8<
2868 1913 3120 2002 caput

379 2006 770 2119 jaffitans
832 2008 1120 2089 Evohe
1183 2034 1483 2122 magno
1543 2005 1900 2088 clamore
1963 2002 2342 2118 personat
2395 2063 2423 2086 .
2487 2006 2739 2090 Plura
2798 2005 2936 2090 hic
2995 2007 3133 2093 ad·

385 2126 582 2210 dere
648 2123 1329 2237 supervacaneum
1386 2118 2029 2239 existimamus,-
