4484 5850
2887 429 2987 517 81

385 550 637 636 ehicis
698 546 978 635 thiasis
1021 609 1047 654 ,
1091 547 1493 666 pellesque
1539 546 1980 664 aliquando
2051 542 2406 633 ferarum
2448 547 2876 634 aulaeorum
2932 553 3107 635 loco
3162 655 3170 664 ¹

376 667 747 752 extensas
795 665 1070 751 videre
1129 666 1238 751 est
1288 666 1498 783 apud
1551 666 2013 752 Montfauc.
2056 662 2163 776 [i]
2202 724 2223 747 .
2285 666 2813 752 Vindemiam
2859 696 2907 751 a
2946 672 3098 752 Ge·
3136 659 3401 798 ‘'g-{22}
3430 662 3595 799 ’,ζῷ’

371 787 533 867 niis
592 784 895 869 fastam
951 784 1161 898 apud
1212 787 1557 871 eundem
1595 781 1756 898 (K)
1804 844 1828 866 .
1909 785 2000 869 Id
2050 786 2165 867 rei
2211 844 2238 890 ‚
2298 787 2426 869 cui
2475 788 2783 898 primus
2828 787 3104 869 inniti·
3139 771 3574 884 (tunsarum

371 926 509 986 tur
566 903 807 987 senex
867 930 974 986 an
1030 904 1413 1016 pulvinar
1451 901 1545 987 sit
1583 962 1611 1007 ‚
1672 930 1776 986 an
1823 904 2134 1008 corbis,
2195 929 2304 984 an
2348 901 2676 1017 aliquod
2734 901 2833 987 ad
2872 900 3102 988 sacri·
3170 878 3502 944 '⁰²'²’¹’'’¹'

369 1017 650 1104 ficium
689 1018 1052 1133 spestans
1100 1081 1130 1128 ,
1187 1020 1320 1105 vel
1370 1021 1470 1105 ad
1509 1020 2017 1105 vindemiam
2121 1017 2756 1105 instrumentum
2819 1019 3103 1106 discer-

371 1164 566 1220 nere
614 1138 935 1221 difficile
972 1135 1083 1221 est
1129 1136 1568 1223 admodum
1614 1197 1636 1220 .
1696 1138 2012 1249 Cyathi
2058 1137 2344 1251 quibus
2399 1140 2705 1222 bibitur
2758 1198 2786 1245 ‚
2841 1138 3102 1224 obser·

363 1255 616 1338 vandi
671 1253 848 1338 sunt
878 1312 901 1338 .
959 1257 1450 1369 Capaciores
1485 1271 1787 1340 ‘omnes
1830 1317 1859 1362 ,
1920 1285 2088 1339 non
2131 1277 2413 1339 tamen
2463 1256 2745 1340 eadem
2789 1254 2896 1340 est
2928 1260 3102 1340 om-

368 1373 601 1455 nium
649 1370 918 1457 forma
956 1432 980 1454 .
1041 1377 1275 1458 Unus
1331 1375 1419 1457 in
1460 1375 1708 1487 primi
1757 1371 1958 1457 senis
2004 1400 2258 1456 manu
2308 1372 2785 1486 profundior
2818 1372 2977 1480 est,
3022 1376 3103 1458 δε

369 1487 599 1573 bovis
644 1518 893 1574 cornu
944 1492 1316 1575 imitatur
1368 1490 1730 1575 alludens
1783 1493 1997 1575 mori
2044 1491 2569 1602 antiquorum
2618 1551 2646 1598 ‚
2692 1492 2832 1603 qui
2870 1492 3102 1576 bovis

365 1634 618 1691 cornu
680 1610 764 1690 in
815 1608 1214 1692 honorem
1265 1608 1562 1693 Bacchi
1611 1608 2003 1694 bibebant
2037 1666 2058 1689 .
2130 1608 2305 1691 Alii
2352 1607 2599 1721 pandi
2647 1610 2918 1720 potius
2962 1638 3102 1724 pa-

371 1723 686 1838 tulique
732 1723 911 1809 sunt
957 1786 985 1831 ‚
1044 1727 1123 1809 8<
1170 1726 1297 1810 vel
1363 1754 1607 1812 unam
1658 1749 2042 1834 tantum,
2099 1724 2235 1810 vel
2275 1726 2589 1810 nullam
2646 1723 2922 1809 ansam
2961 1726 3104 1810 ha·

365 1841 566 1925 bent
601 1901 624 1923 .
685 1842 1120 1927 Athenaeus
1166 1841 1825 1958 Deipnosophist.
1853 1842 1990 1928 lib.
2025 1847 2168 1927 XI.
2203 1903 2229 1951 ‚
2290 1844 2377 1926 in
2440 1873 2599 1956 quo
2647 1844 3101 1929 multorum

367 1958 577 2071 apud
667 1962 979 2045 Graecos
1044 1960 1512 2074 poculorum
1573 1964 1920 2046 nomina·
1973 2020 2001 2068 ,
2090 1960 2603 2074 formamque
2674 1959 3024 2045 edifferit
3071 2022 3103 2069 ,

371 2075 759 2188 CotyloS,
809 2068 1204 2183 Κοτῦλες,
1269 2103 1552 2184 vocat,
1609 2075 1886 2189 μονῶπο
1945 2069 2618 2190 πρτῆαω,ΡοειιῙει
2645 2105 2892 2161 unam
2921 2100 3101 2162 tan-

369 2218 547 2277 tum
600 2193 876 2278 ansam
929 2194 1319 2279 habentia
1384 2255 1411 2301 ,
1498 2195 1780 2308 eosque
1852 2224 1898 2279 a
1949 2196 2385 2309 Pamphilo
2436 2193 2932 2278 existimatos
2984 2197 3101 2278 in-

356 2311 547 2423 quit
587 2313 858 2426 poculi
903 2340 1156 2425 genus
1205 2313 1524 2397 Baccho
1583 2312 1987 2426 peculiare
2023 2372 2046 2394 .
2107 2313 2279 2427 Qui
2343 2312 2576 2424 plura
2631 2310 2730 2394 de
2786 2312 3095 2424 poculis

359 2431 590 2540 cupit
616 2439 674 2534 ,⁶
706 2428 1201 2513 Athenaeum
1268 2430 1512 2514 adeat
1559 2458 1577 2512 ε
1641 2457 1883 2514 nemo
1949 2457 2113 2512 non
2161 2426 2523 2513 indocstus
2567 2429 2889 2543 ignorat
2939 2456 3103 2511 me-⁴

358 2572 693 2631 morata
737 2546 1038 2658 duplici
1087 2548 1171 2630 in
1232 2547 1405 2632 loco
1449 2576 1499 2632 a
1553 2547 1903 2663 Virgilio
1948 2543 2385 2632 Carchefia
2428 2607 2454 2655 ‚
2541 2544 2754 2661 quafi
2806 2545 3097 2663 pocula
3136 2569 3153 2586 ·

354 2664 684 2750 Baccho
749 2662 1140 2779 peculiari
1187 2667 1503 2751 ratione
1544 2664 1766 2751 sacra
1813 2721 1837 2750 .
1896 2665 2235 2751 AEneid.
2287 2664 2428 2749 lib.
2486 2691 2561 2747 1.

595 2896 753 2982 Hic
813 2897 958 2982 duo
1015 2900 1168 2984 rite
1226 2931 1428 2986 mero
1487 2896 1739 2986 libans
1801 2897 2226 3017 Care-besta
2274 2896 2569 2986 Baccho
2594 2959 2618 2985 .
2684 2982 2691 2987 .

352 3139 472 3222 Et
540 3140 836 3251 Georg.
896 3136 1037 3219 lib.
1095 3142 1248 3222 1V.

586 3428 612 3454 .
667 3383 700 3467 ἓ
756 3427 781 3453 .
843 3397 876 3454 .·
932 3430 954 3454 .
1015 3429 1037 3454 .
1095 3392 1274 3487 cape
1312 3369 1629 3455 Maeom't'
1677 3367 2093 3484 Carchesta
2155 3369 2488 3457 Bacchi·

469 3608 593 3691 At
638 3554 930 3690 voluiit
986 3603 1284 3690 eruditi
1347 3599 1847 3716 Carchestum
1916 3605 2184 3720 poculi
2231 3634 2481 3723 genus
2540 3603 2759 3690 fuiffe
2808 3635 3080 3721 proce·

348 3752 537 3859 rum
593 3782 621 3829 ‚
704 3720 1200 3837 geminisque
1268 3722 1475 3856 anfis
1520 3751 1567 3807 a
1623 3720 1935 3857 summo
1997 3725 2096 3809 ad
2146 3727 2404 3810 imum
2476 3724 3075 3839 pertinentibus

348 3837 822 3925 instruc'tum
869 3898 897 3946 ,
958 3862 1051 3923 ut
1096 3840 1564 3924 Macrobius
1611 3838 1750 3925 lib.
1797 3844 1901 3923 V.
1947 3901 1974 3947 ,
2038 3845 2362 3927 Saturn.
2403 3872 2580 3955 cap.
2629 3846 2849 3926 XXI.
2902 3902 2931 3948 ,
2990 3846 3069 3926 8<

345 3959 794 4045 Athenaeus
841 3957 984 4040 lib.
1029 3958 1177 4039 XI.
1225 3956 1573 4069 docent;
1620 3957 1976 4072 adeoque
2023 3987 2206 4045 curn
2255 3960 2700 4046 crateribus
2762 3961 2847 4041 in
2915 3959 3069 4043 hoc

348 4074 618 4162 nostro
663 4102 1075 4160 marmore
1107 4071 1529 4190 descriptis
1566 4078 2005 4162 convenire
2055 4106 2221 4162 non
2270 4076 2480 4192 poss‘e
2504 4100 2825 4163 certum
2849 4073 3007 4160 est.

1625 4792 1698 4879 1¹*
2500 4813 2511 4817 ·
2644 4770 2944 4887 VIII.
