4484 5850
2855 481 2967 571 97

1579 581 2010 698 (211.

592 808 880 893 Vivens
944 813 1023 893 F
1025 811 1175 926 ecit
1199 808 1210 817 ’
1233 811 1501 899 Lucius
1565 813 1968 926 Antistius
2048 814 2223 899 Sibi
2302 818 2420 899 Et
2478 814 2845 929 Antistia

778 925 1193 1042 Chryseida·
1252 935 1594 1050 Coniugi
1650 929 2091 1047 Cariffimae
2155 938 2278 1018 Et
2344 934 2679 1052 Septicio

1133 1049 1509 1135 Adiutori
1578 1054 1874 1171 Papati
1954 1053 2272 1169 Optimo
2297 1112 2318 1136 .

361 1285 698 1504 HIc
775 1286 1057 1369 Lucius
1132 1290 1586 1404 Antistius,
1645 1288 1836 1375 dum
1908 1289 2167 1374 adhuc
2242 1290 2614 1396 viveret,
2688 1314 2780 1374 ut
2843 1288 3083 1374 multi

671 1402 1257 1493 consueverunt
1316 1410 1565 1516 ,fibi
1633 1408 2036 1493 tumulum
2123 1408 2319 1500 fecit
2378 1466 2401 1489 .
2490 1411 2861 1493 Duxerat
2943 1408 3083 1489 ille

367 1516 873 1631 Cbryseidem
930 1520 1240 1609 servam
1302 1526 1523 1612 suam
1575 1530 1658 1611 in
1716 1528 2186 1611 libertatem
2250 1524 2671 1630 affertam,
2731 1524 3093 1636 adeoque

365 1636 808 1747 Antistium
844 1667 1214 1727 vocatam
1244 1701 1267 1724 .
1333 1646 1864 1758 Sepulchrum
1915 1673 2109 1758 ergo
2145 1671 2575 1725 commune
2618 1643 2878 1725 voluit
2915 1640 3087 1746 fibi,

360 1756 441 1837 8<
505 1759 728 1838 uxori
794 1753 986 1864 suae,
1046 1764 1122 1842 &
1183 1761 1518 1876 Septicio
1571 1785 2120 1876 cognomento
2161 1758 2561 1864 Adiutori,
2582 1762 2733 1840 Suo
2773 1757 3086 1873 Papati,

319 1871 530 1962 ,hoc'
572 1871 680 1954 est
718 1876 1070 1958 Nutricio
1110 1881 1393 1986 Patri,
1454 1878 1581 1963 seu
1606 1872 2071 1962 Educator‘i.
2120 1877 2463 1959 Adimor
2498 1875 2604 1960 est
2652 1876 3089 1990 aliquando

361 2017 665 2074 nomen
724 1993 1009 2098 officii,
1070 2023 1158 2078 ut
1223 2024 1322 2080 ex
1363 1999 1606 2081 variis
1656 1996 2310 2109 inscriptionibus
2360 2023 2604 2106 penes
2645 1997 3089 2077 Gruterum

363 2130 680 2192 certum
741 2106 895 2192 est.
954 2114 1332 2227 Pappus,
1378 2112 1537 2197 five
1600 2119 1909 2229 Papus,
1980 2113 2106 2195 seu
2171 2116 2548 2226 Pappas,
2610 2110 3094 2195 vocabulum

362 2221 472 2307 est
536 2253 962 2338 puerorum
1031 2229 1726 2335 balbutientium,
1789 2259 1951 2344 quo
2012 2229 2479 2316 educatores
2528 2227 2699 2312 suos
2740 2226 3092 2339 compel-

362 2341 587 2424 lant:
662 2344 925 2427 nullus
987 2347 1265 2463 itaque
1314 2376 1408 2435 eo
1455 2351 1702 2432 verbo
1741 2345 2029 2463 gradus
2077 2344 2537 2458 sanguiniS,
2597 2344 2723 2430 sed
2768 2372 3087 2427 merum

358 2458 677 2540 nutricii
723 2461 989 2544 Patris
1047 2466 1399 2550 officium
1447 2464 1946 2581 designatur.
2012 2470 2302 2578 Itaque
2338 2465 2752 2581 Juvenalis
2786 2464 3084 2571 Satyra

362 2573 582 2662 sexta
612 2638 633 2660 .
670 2625 676 2630 -

723 2697 1088 2780 Mordeat
1134 2725 1320 2784 ante
1371 2695 1652 2811 aliquis
1717 2698 2098 2812 quidquid
2142 2697 2579 2815 porrexerit
2638 2691 2811 2804 illa,

730 2819 932 2940 Qae
967 2819 1269 2935 peperit
1305 2849 1332 2931 3
1391 2815 1702 2902 timtdus
1747 2817 2159 2935 praegustet
2204 2811 2472 2933 pocula
2529 2818 2860 2933 Pappas.

488 3054 609 3137 At
674 3080 875 3136 vero
935 3053 1020 3137 in
1084 3083 1181 3138 eo
1233 3046 1685 3162 Glofl‘ario,
1745 3053 1957 3167 quod
2020 3050 2301 3143 Ifidori
2366 3054 2700 3139 nomine
2756 3055 3095 3139 circum-

371 3170 685 3274 fertur,
739 3172 1099 3286 Pappas,
1144 3169 1655 3284 Paedagogus,
1716 3175 1860 3283 qui
1920 3168 2279 3284 sequitur
2322 3199 2660 3281 pueros»,
2691 3165 3019 3256 ‘dicitur
3070 3224 3094 3251 .

370 3293 845 3401 Utcumque
907 3286 1050 3397 fit,
1115 3288 1515 3398 Antistius
1575 3288 1998 3406 Septicium
2058 3284 2520 3380 Adiutorem
2566 3287 2785 3370 suum
2839 3346 2868 3392 ,
2950 3308 3095 3370 aut

369 3403 903 3519 Paedagogum‚
964 3432 1102 3517 aut
1138 3405 1578 3487 Nutricium
1627 3431 1863 3490 tanto
1910 3406 1995 3488 in
2047 3404 2363 3487 honore
2404 3402 2726 3508 habuit,
2771 3427 2861 3487 ut
2905 3431 3092 3486 eum

380 3544 804 3634 tamquam
852 3549 1283 3635 parentem
1343 3524 1565 3607 suum
1630 3525 1715 3607 in
1778 3521 2132 3607 eundem
2195 3513 2338 3602 fib‘i
2400 3547 2777 3632 paratum
2835 3545 3111 3604 tumu-·

373 3638 544 3721 lum
608 3637 894 3723 inferri
958 3642 1350 3724 voluerit.
1399 3638 1589 3755 Qua
1652 3642 1735 3724 in
1790 3669 1873 3723 re
1936 3635 2628 3749 ostendit,quanti
2681 3635 3105 3722 faciundus

372 3754 473 3837 fit
540 3755 671 3838 vel
732 3756 923 3863 ille,
982 3761 1121 3870 qui
1184 3756 1457 3841 nostrae
1522 3785 1818 3843 tenerae
1884 3758 2141 3839 aetatis
2199 3783 2480 3840 curam
2533 3753 2907 3869 gefferit,
2971 3752 3102 3837 vel

373 3871 575 3978 ille,
631 3875 772 3987 qui
836 3876 1119 3986 primis
1179 3873 1621 3988 disciplinis
1690 3873 1885 3958 rude
1946 3871 2302 3958 nostr-um
2366 3872 2782 3986 ingenium
2876 3897 3104 3955 exco-

379 3986 682 4073 luerit.
765 3995 1292 4107 Quamquam
1356 3994 1555 4077 olim
1649 3991 2058 4108 Paedagogi
2126 3993 2347 4075 inter
2407 3989 2669 4073 servos
2732 4015 3105 4072 numera-

374 4130 724 4213 rentur,
790 4132 1163 4195 attamen
1203 4104 1470 4193 'multo
1533 4110 1620 4192 in
1681 4110 1989 4193 honore
2053 4106 2316 4190 habiti
2373 4166 2400 4212 ,
2456 4133 2894 4219 eorumque
2938 4133 3103 4191 me·

367 4224 634 4311 moria
691 4222 1034 4337 superest
1094 4252 1341 4342 penes
1402 4227 1717 4312 AElium
1792 4226 2323 4338 spartianum
2389 4224 2474 4304 in
2547 4221 2960 4325 Adriano,
3008 4223 3093 4304 in

372 4340 531 4426 hac
576 4338 1158 4457 inscriptione,
1243 4370 1496 4459 quam
1558 4346 1648 4429 in
1706 4340 1858 4429 suis
1917 4338 2584 4430 adnotationibus
2650 4336 3100 4426 Causaubo-

299 4550 304 4557 ,
375 4483 529 4542 nus
588 4456 829 4546 affert
890 4459 1101 4574 (a).

618 4813 850 4898 Tam.
880 4814 988 4918 ΙΙ,
1827 4817 1923 4901 N
2878 4811 2997 4895 T·

3167 4469 3194 4536 (
3207 4468 3272 4533 a)
3318 4468 3578 4520 mm.

3134 4546 3187 4656 t:
3200 4535 3580 4660 ‘afim‘
