4484 5850
2896 381 3055 520 91'

1667 543 1742 622 x
1801 543 1868 622 Ι.
1955 628 1982 656 ,,
2758 561 2771 568 ·

1126 787 2409 912 ORPHEUS

407 1023 3031 1248 -ABACCHANTJBUS

830 1391 2670 1512 DlscERPTUS.
3078 1297 3091 1309 ’

545 1833 678 1914 Ex
735 1828 902 1940 jam
961 1829 1481 1945 interpretati
1563 1833 1828 1919 sumus
1912 1832 2503 1919 Bacchantium
2574 1833 3105 1948 anaglypha,

602 1945 1038 2060 septimum
1122 1949 1489 2035 addimus
1571 1956 1671 2037 ab
1752 1950 2031 2036 iisdem
2123 1954 2599 2065 neutiquam
2693 1950 3106 2066 sejungen-

379 2060 584 2146 dum
639 2122 664 2145 .
725 2066 1367 2181 Vulgatiffimam
1451 2067 1554 2151 de
1613 2071 1955 2182 Orpheo
2042 2097 2091 2152 a
2153 2069 2743 2153 Bacchantibus
2821 2069 3104 2153 discer—
3152 2085 3161 2094 ‘

373 2204 526 2290 pto
597 2179 962 2266 fabulam
1050 2183 1200 2268 hoc
1285 2183 1469 2268 saxo
1550 2187 2004 2278 luculenter
2065 2184 2510 2296 expreffam
2562 2245 2592 2290 ,
2671 2185 2810 2297 qui
2891 2188 3100 2269 Grae·

373 2325 563 2381 carn
658 2302 1242 2413 antiquitatem
1328 2305 1615 2414 primis
1698 2303 1944 2387 labris
2026 2304 2401 2415 attigerit
2461 2362 2490 2408 ,
2549 2298 2785 2385 facile
2846 2330 3093 2416 agno-

368 2411 579 2498 scit.
663 2421 1044 2531 Qatuor
1108 2414 1489 2502 miserum
1595 2421 2066 2534 Orpheum⁴
2132 2416 2714 2503 circumsistunt
2821 2417 3093 2504 furore

331 2534 711 2641 'percitae
778 2535 1257 2619 mulierculae
1319 2565 1339 2616 ε
1402 2538 1563 2621 alia
1621 2537 1820 2620 laevo
1882 2537 2218 2621 brachio
2279 2595 2305 2642 ‚
2391 2536 2552 2648 aiia
2611 2534 2901 2618 dextro
2958 2566 3097 2649 pe·

365 2648 463 2732 de
542 2709 571 2756 ,
661 2650 821 2735 alia
882 2653 1238 2736 crinibus
1319 2654 1916 2767 apprehensum
1989 2655 2075 2738 in
2139 2678 2411 2767 partes
2442 2654 2922 2740 ..contrarias
2977 2654 3097 2737 di-

364 2764 800 2880 scet-pturae
861 2770 1353 2882 pertrahunt
1416 2802 1440 2881 3
1522 2771 1687 2856 alia
1771 2802 1967 2857 vero
2050 2801 2283 2857 ramo
2366 2771 2754 2884 proximis
2811 2798 2909 2854 ex
2972 2798 3097 2853 ar-

362 2885 706 2969 boribus
765 2884 1081 2971 absciffo
1168 2916 1463 3004 magno
1556 2887 1719 2975 istu
1777 2889 2000 2976 caedit
2053 2950 2075 2974 .
2157 2890 2557 3004 Quodque
2624 2889 2878 3002 magis
2942 2892 3094 2974 mi-

372 2999 770 3108 serabile,
851 3003 1447 3117 lustuosumque
1531 3006 1640 3091 est
1665 3048 1707 3114 ·,
1766 3007 2443 3122 impotentiffimae
2522 3004 2840 3089 femina
2934 3009 3091 3092 Or·

368 3123 503 3233 gia
566 3121 1070 3207 celebrantes
1128 3184 1157 3228 ,
1217 3150 1641 3209 exerentes
1702 3128 2202 3211 occultatum
2266 3121 2449 3207 fieta
2512 3124 2906 3237 religione
2968 3122 3090 3207 fu·

365 3265 647 3320 rorem
708 3238 966 3350 ipsum
1025 3238 1419 3324 sacrorum
1486 3244 1928 3356 Orgiorum
1978 3301 2005 3347 ,
2083 3245 2210 3325 uti
2270 3234 2495 3323 fama
2560 3239 2743 3344 est,
2829 3238 3091 3323 anasto-

361 3382 544 3437 rem
636 3355 1047 3440 trucidant
1108 3415 1130 3438 .
1237 3362 1406 3441 Res
1469 3374 1738 3472 ssprope
1822 3361 2197 3443 Hebrum
2280 3357 2618 3439 fluvium
2701 3357 3085 3469 geritur,

364 3470 590 3579 cujus
652 3473 752 3554 ad
811 3474 1039 3559 oram
1102 3474 1307 3584 jacet
1368 3476 1544 3586 lyra
1606 3500 1728 3559 tot
1791 3475 2180 3609 prodigiis
2238 3473 2820 3557 celeberrima.
2880 3474 3085 3583 Qi-

360 3589 505 3674 bus
568 3587 667 3673 de
730 3592 963 3674 rebus
1023 3594 1405 3707 quamvis
1469 3593 1798 3707 plurimi
1864 3584 2429 3704 Antiquarif,
2512 3588 2987 3704 Mythologi
3045 3650 3075 3698 ,
3430 3672 3435 3677 .

360 3703 811 3813 Historici,
869 3713 1134 3793 Poetae
1189 3707 1354 3820 [a]
1415 3710 1694 3795 multis
1754 3712 2072 3825 egerint
2135 3709 2401 3792 verbis
2464 3768 2490 3813 ,
2554 3735 2725 3790 rem
2791 3732 3068 3811 tamen
3102 3697 3552 3838 §jmg‘diffljqj

359 3849 530 3905 non
595 3825 1008 3938 ingratam
1073 3828 1617 3939 Antiquitatis
1701 3831 1984 3912 Graecae
2065 3823 2410 3909 studiosis
2495 3852 2639 3908 nos
2730 3820 3071 3911 fasturos
3096 3813 3546 3925 sa.1.,<4p5;311.

356 3942 827 4051 putavimus
875 4003 900 4048 ‚
985 3941 1038 4024 fi
1100 3942 1624 4028 Constantini
1684 3943 2042 4029 Lascaris
2127 3938 2287 4026 v‘iri
2371 3939 2728 4053 profeflo
2813 3942 3068 4025 erudi·
3101 3914 3418 4056 g‘j'ss’f'b‘
3456 3916 3545 3973 Μ

363 4056 643 4139 tiffimi
688 4088 1029 4172 graecam
1088 4062 1500 4174 quandam
1562 4064 1643 4144 in
1710 4062 2142 4173 Orpheum
2207 4056 2766 4178 pr'aefarionem
2804 4117 2830 4163 ,
2911 4089 3073 4171 qua

355 4173 498 4256 ille
572 4177 892 4286 Orphei
957 4178 1314 4290 patriam
1358 4238 1385 4284 ,
1492 4203 1871 4291 parentes
1929 4239 1956 4285 ,
2036 4176 2651 4280 educationem,
2726 4177 3072 4288 peregri-

353 4289 737 4375 nationes
780 4353 807 4397 ,
891 4322 1017 4376 res
1093 4291 1346 4408 gestas
1393 4356 1419 4399 ,
1501 4296 1815 4378 obitum
1875 4356 1903 4400 ,
1983 4296 2060 4377 8(
2143 4292 2594 4403 conscripta
2699 4290 3064 4374 carmina

349 4408 824 4522 complexus
869 4408 976 4494 est
1021 4471 1048 4516 ‚
1131 4413 1654 4523 nitidiorique
1720 4441 1877 4525 prae
1940 4412 2242 4493 caeteris
2316 4408 2597 4489 ordine
2659 4405 2970 4520 digessit
3032 4467 3061 4514 ,

347 4524 489 4609 hic
540 4555 1019 4637 poneremus
1066 4586 1087 4609 .
1174 4534 1357 4614 Hoc
1442 4553 1717 4611 autem
1798 4526 2263 4637 opusculum
2326 4553 2368 4607 e
2432 4525 2705 4636 Regiae
2769 4524 3059 4608 Biblio-

348 4642 605 4728 the'cae
665 4643 1210 4759 manuscripto
1273 4645 1575 4732 Codice
1637 4705 1664 4752 ,
1748 4647 1887 4758 qui
1971 4645 2074 4727 ob
2133 4640 2542 4755 scriptoris
2603 4641 3051 4840 incurigcm‚
