4484 5850
1349 575 1518 657 ret,
1574 553 1654 634 8<
1701 540 2028 637 fortass‘e
2079 579 2240 636 una
2288 578 2471 638 cum
2515 539 2794 634 iisdem
2840 545 3124 632 eodem
3172 543 3338 631 un'o
3382 545 3469 632 in
3518 548 3695 635 loco
3726 549 4080 664 positum

1350 667 1552 752 olim
1593 665 1862 773 fuisse,
1922 668 2058 753 vel
2098 667 2195 751 ad
2222 665 2825 783 significandam
2852 663 3434 773 Dionysiorum
3475 668 4079 780 celebritatem,

1349 785 1486 868 vel
1530 784 1634 868 ad
1685 784 2255 869 celebrandum
2304 784 2465 867 viri
2522 782 2851 893 alicujus
2916 810 3217 867 nomen
3250 841 3280 889 ‚
3338 785 3483 896 qui
3525 784 3753 870 illam
3817 787 4078 899 ipsam

1345 926 1493 984 aut
1539 900 2080 986 introduxerit
2128 964 2160 1009 ‚
2217 927 2362 985 aut
2409 898 2874 988 instaurarit
2902 958 2932 981 .

1460 1023 1630 1102 Res
1667 1017 1830 1126 jam
1882 1022 1971 1101 in
2014 1047 2425 1103 marmore
2486 1015 2836 1130 sculptas
2888 1016 3311 1101 videamus
3364 1016 3895 1131 singillatim.
3948 1023 4071 1105 At

1337 1163 1435 1218 ea
1481 1138 1766 1219 omnia
1819 1133 1990 1218 fere
2044 1134 2495 1248 persecutus
2529 1132 2641 1219 est
2700 1134 3270 1218 eruditissimus
3323 1135 3713 1219 Marchio
3777 1136 4071 1220 Maffei

1339 1253 1428 1334 in
1475 1249 1615 1335 sua
1666 1252 1774 1336 ad
1830 1254 2238 1336 Becellum
2286 1250 2625 1366 epistola
2696 1251 2797 1334 ad
2836 1251 3140 1336 calcem
3197 1252 3563 1335 Theatri
3599 1252 3871 1335 Italici
3929 1282 4073 1337 ex·

1339 1365 1519 1452 cusa
1546 1429 1576 1452 .
1630 1369 1861 1482 Illius
1907 1372 2247 1483 optimis
2299 1367 3128 1455 animadversionibus
3166 1393 3543 1473 utemur,
3586 1397 3844 1480 pauca
3891 1394 4069 1454 tan·

1340 1508 1520 1568 tum
1568 1486 2005 1594 addenteS,
2063 1515 2238 1601 quae
2285 1487 2427 1571 ille
2478 1516 2645 1572 non
2688 1485 2885 1570 data
2932 1513 3243 1598 opera,
3295 1483 3425 1568 sed
3472 1483 3760 1570 curfim
3815 1490 4077 1570 attin·

1336 1629 1545 1715 gens
1583 1601 1686 1686 ad
1733 1632 2084 1717 unguem
2136 1603 2504 1719 persequi
2552 1600 2872 1688 omisit.
2924 1608 3145 1686 Tres
3209 1603 3344 1686 hic
3397 1604 3757 1715 primum
3803 1601 4068 1714 perso·

1336 1747 1538 1824 nas,
1595 1719 1732 1803 seu
1773 1722 2046 1816 larvas
2086 1724 2564 1828 intuemur,
2614 1720 2721 1803 de
2757 1719 3055 1834 quibus
3097 1720 3261 1802 tria
3312 1716 3815 1831 pervidenda
3841 1717 4061 1832 sunt3

1335 1835 1780 1943 staffilum,
1832 1837 2065 1944 υἷας,
2114 1838 2196 1919 8(
2244 1837 2670 1923 discrimen
2708 1895 2738 1918 .
2790 1834 3209 1921 Strustura
3255 1833 3776 1949 personatum
3840 1838 4058 1949 apud

1339 1956 1725 2067 antiquos
1765 1983 2423 2069 quarumcunque
2480 1951 2928 2064 hujusmodi
2974 1952 3186 2058 fuit,
3239 1976 3333 2035 ut
3378 1980 3545 2035 non
3591 1950 3889 2036 faciem
3950 1952 4067 2038 so·

1338 2072 1510 2154 lum
1560 2095 1989 2185 tegerent,
2041 2070 2266 2155 sicuti
2322 2071 2567 2157 larva}
2617 2068 2903 2155 nostris
2969 2073 3057 2153 in
3109 2068 3749 2153 Bacchanalibus
3802 2068 4051 2153 hodie

1337 2185 1782 2301 usurparat,
1835 2187 1963 2272 sed
2010 2188 2359 2302 sinciput
2400 2189 2689 2295 simul,
2740 2188 3173 2299 &occiput
3223 2190 3695 2299 operirent,
3757 2184 4058 2271 additis

1231 2299 1238 2306 ’
1340 2306 1720 2389 auriculis
1759 2367 1792 2412 ,
1842 2307 1926 2387 8(
1969 2305 2282 2391 caesarie
2323 2366 2358 2413 ,
2432 2306 2880 2420 vittisque,
2936 2305 3021 2385 8<
3072 2302 3303 2387 sertis
3348 2300 3703 2415 persona:
3748 2332 4043 2387 conve-

1339 2425 1808 2528 nientibus,
1860 2424 1986 2507 ita
2020 2449 2109 2507 ut
2150 2451 2487 2508 onmem
2542 2452 2705 2507 una
2755 2421 2987 2505 simul
3034 2424 3327 2534 capitis
3366 2446 3755 2518 ornatum
3819 2417 4049 2502 fabu-

1337 2541 1606 2623 larum
1641 2540 1985 2644 Αξὶοτςε
2026 2540 2513 2643 induerent,
2571 2569 2673 2623 ne
2718 2535 2861 2621 diu
2897 2538 3089 2622 effer
3134 2544 3221 2621 in
3268 2535 3437 2650 ipso
3460 2535 3849 2621 comendo
3897 2539 4054 2620 im·-

1338 2657 1879 2750 morandum.
1932 2663 2136 2770 Qae
2170 2683 2290 2737 res
2356 2654 2503 2739 nist
2568 2659 2687 2739 ita
2755 2653 2831 2738 se
2897 2656 3297 2763 haberet,
3352 2655 3566 2738 nihil
3619 2682 4054 2768 propemo-

1338 2772 1534 2855 dum
1575 2771 1762 2857 salis
1803 2773 2086 2857 inesset
2131 2771 2300 2854 illis
2330 2773 2649 2858 Phaedri
2697 2771 3051 2900 vei-libus
3079 2828 3110 2853 .

1572 3004 1994 3116 Personam
2034 3010 2459 3125 Tragicam
2490 3004 2708 3118 forte
2751 3004 3020 3126 vulpes
3070 3009 3392 3094 viderat
3410 3069 3440 3092 .

1575 3130 1648 3208 Ο
1688 3152 1980 3239 quanta
2005 3124 2306 3245 species·
2320 3189 2354 3237 ,
2408 3128 2671 3241 inquit
2691 3189 2725 3237 ,
2775 3125 3150 3211 cerebrum
3193 3158 3343 3209 non
3387 3125 3666 3211 habet.

1460 3360 1702 3478 Qrod
1755 3365 2020 3448 multo
2073 3364 2533 3479 elegantius
2591 3362 2995 3479 Phrygius
3061 3364 3201 3448 ille
3272 3362 3690 3448 fabulator
3724 3422 3757 3469 ‚
3831 3361 4055 3472 cujus

1343 3507 1685 3594 graecum
1732 3482 2094 3594 leporem
2130 3541 2160 3586 ‚
2221 3479 2532 3595 jocique
2576 3484 2748 3564 vim
2796 3483 3095 3565 larinus
3162 3485 3569 3594 interpres
3612 3479 4056 3565 transferre·

1340 3597 1701 3711 neglexit
1753 3627 1776 3679 τ
1833 3587 1894 3679 ὦ
1942 3587 2063 3681 οἷοι
2116 3590 2403 3705 κεφὶλη
2476 3589 2909 3710 ἐγκέφαλον
2958 3597 3049 3683 ἐκ
3105 3595 3327 3712 ἔχε-ι,
3387 3599 3602 3713 quod
3650 3600 3825 3711 pari
3894 3596 4056 3680 fer·

1341 3741 1481 3795 me
1549 3741 1734 3796 cum
1783 3713 2202 3797 venustate
2240 3712 2467 3821 juxta
2508 3715 2963 3827 aliquarum
3025 3718 3345 3798 urbium
3398 3714 3831 3799 dialestum
3890 3717 4055 3798 ita·

1330 3830 1484 3913 lice
1539 3858 1724 3913 curn
1785 3828 2118 3938 Maffejo
2169 3828 2391 3912 dicas
2435 3859 2455 3911 t
2515 3829 2643 3912 Ob
2683 3829 2821 3913 che
2865 3827 2995 3914 bel
3028 3854 3210 3945 capo
3235 3862 3265 3942 3
3318 3863 3365 3914 e
3410 3855 3567 3946 pur
3601 3863 3744 3913 non
3786 3829 3888 3911 ba
3935 3861 4059 3912 ca·

1328 3939 1624 4060 pitale.
1683 3952 2108 4060 Integram
2149 3949 2457 4060 quippe
2506 3950 2806 4060 capitis
2852 3948 3199 4062 speciem
3255 3947 3807 4062 praeseferebat
3875 3977 4060 4059 per-

863 4069 1304 4143 (s>1..4.e.=5.
1337 4061 1528 4147 sona
1556 4123 1581 4145 .
1637 4067 1825 4147 Nec
1871 4066 2049 4147 leve
2104 4063 2214 4147 est
2255 4065 2408 4159 hac
2454 4068 2543 4147 in
2570 4092 2656 4148 re
2685 4065 3029 4150 Pollucis
3074 4063 3683 4170 testimonium,
3729 4062 4055 4180 qui[f]

1333 4182 1603 4264 varias
1644 4206 2075 4289 enumerat
2144 4179 2521 4293 personas
2562 4243 2592 4288 ‚
2669 4182 3083 4296 crinesque·
3134 4188 3413 4267 earum
3478 4183 3722 4266 modo
3780 4181 4055 4288 albos,

1332 4294 1578 4381 modo
1628 4300 1938 4412 nigroS‚
2000 4299 2239 4382 modo
2291 4292 2601 4405 flavoS‚
2659 4297 2897 4383 modo
2942 4298 3403 4412 promiffOS,
3461 4299 3707 4384 modo
3724 4297 4051 4404 solutos,

1335 4414 1576 4497 modo
1618 4414 1990 4500 collefiios
2018 4476 2046 4521 ‚
2108 4416 2348 4500 modo
2398 4417 2767 4501 vibratos
2814 4416 3033 4501 ferro
3081 4415 3494 4501 describit.
3550 4415 4047 4502 Sed&idem

1334 4529 1668 4613 suadent
1717 4533 1877 4616 alia
1924 4556 2509 4639 monumenta,
2574 4535 2662 4617 in
2706 4535 2998 4648 quibus
3044 4532 3385 4646 personae
3407 4530 4049 4647 capituminstar

1333 4643 1747 4759 finguntur
1770 4707 1792 4730 .
1854 4650 2385 4763 Melpomene
2418 4709 2450 4759 ‚
2486 4651 2585 4732 ’δε
2610 4651 2925 4737 Thalia
2966 4653 3191 4737 inter
3231 4649 3511 4736 Musas
3540 4711 3566 4760 ‚
3626 4679 3809 4736 cum
3837 4653 4051 4735 Tra·

3717 4794 3936 4883 gtcae‚
