4484 5850
1620 484 1727 545 10

1611 581 1695 662 Si
1732 488 2152 660 4mi1itiam
2213 567 2569 687 specim,
2630 566 3050 656 Circn‘tores
3107 566 3483 656 dicuntur
3549 569 3659 676 ii,
3706 571 3847 681 qui
3892 569 4235 685 vigilias

1492 696 2049 799 circumeunt,
2110 716 2200 775 ut
2264 718 2364 774 ex
2425 693 2773 805 Vegetio
2833 685 3197 794 constat,
3287 685 3503 801 quod
3567 715 3856 771 munus
3939 689 4014 771 8(
4084 715 4239 800 per

1484 817 1718 898 vices
1785 841 1833 897 a
1876 806 2464 894 Centurionibus
2522 813 2731 893 obiri
2794 808 3061 922 potuit
3126 831 3298 890 tam
3365 807 3451 888 in
3496 805 3820 889 munito
3856 806 4242 918 Oppido,

1493 959 1745 1046 quam
1807 931 1894 1013 in
1960 924 2229 1013 castris
2276 987 2303 1033 ,
2371 926 2440 1008 8<
2502 924 2939 1041 aliquando
3000 924 3255 1008 etiam
3314 923 3420 1007 ab
3482 952 3644 1007 uno
3693 983 3721 1030 ‚
3779 922 4243 1037 eodemque

1490 1047 1856 1160 semper,
1920 1074 2007 1131 ac
2073 1068 2465 1158 perpetuo
2525 1045 2949 1127 Cir-citare.

1616 1161 1979 1250 Ministri
2027 1166 2287 1247 etiam
2322 1162 2648 1248 Urbani
2704 1155 3234 1276 Magistratus
3293 1156 3521 1243 fuere
3558 1158 3978 1243 Circitores
4010 1220 4043 1265 ,
4102 1161 4255 1271 qui

1495 1281 1682 1394 juffu
1771 1279 2409 1364 Triumvirorum
2472 1277 3050 1364 nocturnorum
3116 1299 3383 1402 totam
3450 1278 3765 1362 Urbem
3832 1276 3932 1361 de
3997 1275 4252 1360 noae

1497 1400 2098 1503 circumibant,
2159 1423 2250 1482 ut
2313 1397 2528 1481 fures
2574 1456 2601 1506 ‚
2662 1419 2804 1481 aut
2868 1393 3306 1479 nebulones
3360 1455 3388 1502 ,
3451 1419 3595 1481 aut
3657 1393 4076 1512 seditiosos
4134 1396 4287 1479 ci*

1499 1544 1641 1601 ves
1702 1512 2366 1629 compescerent.
2426 1516 2559 1599 De
2622 1515 2750 1598 his
2810 1513 2897 1597 in
2961 1512 3398 1628 PriapejiS.

2209 1747 2444 1873 Qid
2500 1776 2788 1831 mecum
2846 1744 2998 1829 tibi
3066 1747 3406 1832 Circt’tor
3458 1745 3821 1858 moleste?

2213 1864 2356 1949 Ad
2413 1896 2532 1949 me
2591 1863 2781 1977 quid
2830 1861 3184 1982 prohibes
3244 1864 3520 1951 venire
3566 1863 3875 1977 furem?

2211 1981 2551 2069 Accedat
2592 1978 2774 2097 stne
2835 2041 2857 2068 .
2919 2041 2941 2068 .
3001 2040 3025 2066 .
3085 2040 3109 2067 .

1617 2223 2031 2309 Circitores
2076 2223 2341 2308 etiam
2405 2222 2781 2309 dicuntur
2841 2221 3242 2335 aptissime
3303 2222 3411 2329 ii,
3467 2223 3612 2338 qui
3672 2224 3892 2310 vicos
3952 2251 4253 2309 omnes

1497 2345 1757 2430 Urbis
1817 2343 2178 2447 obeunt,
2244 2369 2545 2426 merces
2608 2369 2655 2425 a
2720 2338 3043 2455 popello
3102 2344 3268 2425 emi
3317 2340 3643 2449 solitas,
3696 2344 3770 2427 8<
3808 2340 4014 2427 vilia
4050 2340 4259 2428 scru-

1502 2487 1644 2566 ta,
1704 2462 1784 2544 8(
1841 2457 2235 2543 obsoletas
2297 2458 2546 2543 vestes
2606 2456 3272 2543 circumferentes
3309 2520 3337 2567 ‚
3394 2461 3475 2542 8<
3575 2458 4181 2545 venumdantes
4230 2519 4251 2542 .

1501 2580 1733 2664 Hinc
1796 2576 1881 2660 in
1926 2573 2349 2661 Pandeffis
2410 2576 2550 2661 lib.
2598 2577 2815 2659 XIV.
2851 2574 3092 2661 titulo
3130 2581 3278 2660 111.
3317 2573 3415 2659 de
3469 2573 3871 2662 institoria
3926 2576 4256 2662 afflone

1505 2700 1723 2811 Lege
1785 2699 1888 2778 V.
1948 2695 2357 2804 Ulpianus
2411 2749 2435 2776 .
2516 2691 2674 2776 Sed
2729 2691 2967 2774 etiam
3027 2723 3143 2774 eos
3228 2692 3615 2804 institores
3671 2694 4028 2779 dicendos
4072 2689 4263 2810 pla·

1503 2811 1661 2893 cuit
1684 2873 1711 2919 ,
1769 2808 2035 2924 quibus
2075 2808 2435 2919 vestiarii
2459 2869 2487 2916 ,
2545 2803 2685 2892 vel
2736 2804 3088 2892 lintearii
3147 2806 3343 2893 dant
3395 2810 3688 2922 vestem
3717 2806 4265 2919 circumfer-en·

1507 2925 1685 3011 dam
1714 2989 1740 3030 ,
1803 2925 1902 3011 δ’
1953 2924 2560 3037 desto-abendam,
2621 2957 2797 3040 quos
2854 2924 3090 3042 vulgo
3115 2928 3530 3012 Circitores
3578 2925 4071 3045 appellamus.

1631 3045 2041 3128 Circitores
2099 3045 2352 3129 etiam
2412 3042 2665 3128 dictos
2726 3042 3215 3158 suspicamur
3276 3074 3411 3132 eos
3465 3107 3493 3153 ‚
3577 3052 3722 3161 qui
3782 3073 4096 3162 agentes
4173 3046 4262 3130 in

1511 3160 1721 3246 rebus
1782 3161 2163 3247 dicuntur
2208 3163 2494 3246 crebro
2529 3164 2612 3246 in
2662 3161 3019 3269 Codice,
3085 3165 3227 3278 qui
3278 3165 3671 3253 nimirum
3727 3164 4047 3272 ediaa,
4101 3188 4253 3249 aut

1515 3278 1905 3364 mandata
1969 3281 2501 3393 Imperatoris
2566 3278 3253 3366 circumferebant
3301 3342 3331 3390 ,
3390 3305 3529 3366 aut
3591 3285 3825 3367 varia
3892 3280 4058 3391 ejus
4120 3310 4263 3368 ne·

1512 3399 1739 3513 gotia
1799 3395 2144 3511 singulas
2203 3396 2597 3481 obeuntes
2659 3400 3117 3511 provincias
3177 3398 3746 3485 extricabant.

1634 3519 1754 3598 At
1850 3512 1989 3598 iste
2076 3509 2444 3595 Aurelius
2520 3515 2973 3598 Marcianus
3049 3515 3405 3599 Circs‘tor
3463 3546 3562 3601 ne
3624 3517 3877 3603 diflus
3952 3545 4259 3632 cogno·

1514 3656 1853 3728 mento,
1906 3628 2136 3736 casu,
2189 3632 2322 3715 vel
2384 3631 2778 3737 arbitrio,
2840 3661 2944 3716 an
3010 3635 3281 3746 potius
3344 3634 3602 3718 officio
3665 3632 3696 3718 ἓ
3756 3635 4053 3720 Officio
4120 3667 4255 3750 po-

1515 3749 1674 3832 tius
1710 3807 1738 3852 ,
1804 3746 1879 3828 8(
1939 3748 2272 3859 quidem
2333 3747 2804 3837 circitor-em
2864 3748 3088 3835 fuiffe
3150 3753 3594 3838 militarem
3660 3756 4101 3864 opinamur
4154 3781 4261 3836 ex

1521 3860 1863 3977 equestri
1911 3865 2173 3977 effigie
2214 3862 2527 3949 hastam
2569 3862 2884 3953 ferente
2915 3926 2941 3972 ,
2999 3896 3503 3982 quamquam
3548 3867 3647 3952 de
3699 3868 4005 3954 militia
4045 3869 4263 3952 nihil

1518 3983 1604 4065 in
1674 3978 2198 4095 inscriptione
2265 3981 2663 4066 habeatur
2701 4041 2722 4064 .
2784 3982 2956 4068 Etfi
3002 4013 3192 4069 vero
3242 4014 3556 4072 merum
3602 3985 3751 4072 ess‘e
3792 4014 4264 4100 cognomen

1508 4095 1819 4212 potest,
1878 4126 2061 4183 cum
2129 4100 2469 4183 tertium
2535 4120 2863 4185 tantum
2925 4100 3018 4186 fit
3097 4129 3397 4187 nomen
3459 4133 3488 4214 3
3579 4128 3951 4188 attamen
4013 4101 4255 4189 sicuti

1514 4213 1595 4299 su
1609 4216 1863 4327 petius
1914 4210 2280 4297 Aurelius
2322 4216 2801 4299 IWaximinus
2835 4278 2863 4325 ‚
2919 4218 2996 4299 8(
3039 4214 3409 4303 Aurelius
3463 4218 4049 4332 Crescentianus
4112 4222 4265 4306 mi·

1512 4332 1699 4416 lites
1757 4331 1913 4416 duo
1978 4335 2314 4417 nomina
2376 4357 2701 4418 tantum
2775 4335 3089 4422 habent
3141 4397 3172 4444 ,
3226 4337 3518 4422 deinde
3577 4339 3875 4453 gradus
3926 4337 4255 4423 militia:

1423 4550 1434 4563 ³
1519 4447 1843 4531 additur
1886 4508 1917 4555 ,
1993 4451 2112 4536 ita
2163 4450 2424 4535 etiam
2486 4446 2897 4533 Aurelium
2955 4454 3444 4541 Marcianum
3507 4455 3962 4545 militarem
4026 4453 4253 4541 fuiss‘e

1521 4564 1992 4656 Circitorcm
2053 4595 2203 4681 pro
2263 4589 2486 4657 certo
2545 4569 2985 4682 habemus,

3771 4810 4139 4898 CVII.
