4484 5850
307 588 519 647 vero
576 556 723 645 effe
784 558 871 643 in
936 528 1090 642 hoc
1154 580 1562 641 marmore
1632 549 2172 668 tempestatis,
2231 580 2397 670 qua
2459 573 2744 662 natur,
2792 460 3060 669 qque

305 704 683 765 mortuus
745 674 882 760 iste
942 703 1190 791 puer,
1252 700 1395 762 aut
1459 677 1720 761 aetatis
1783 674 2048 759 adhuc
2111 702 2407 759 tenerae
2463 734 2491 781 ,
2556 703 2718 790 qua
2778 699 3064 786 raptus

312 796 477 903 est,
537 792 902 906 symbola
965 823 1111 880 nec
1172 794 1510 909 asserere
1575 792 2014 902 audemuS,
2077 823 2226 879 nec
2292 823 2596 908 negare
2634 851 2657 875 .
2715 768 3064 905 suscrip-

316 914 566 1001 tionis
626 914 877 999 verba
926 913 1098 997 luce
1146 941 1309 998 non
1374 913 1798 1028 indigent.
1866 919 1962 996 In
2026 914 2325 997 ultima
2388 936 2719 1016 tamen,
2768 913 3060 1024 quibus

314 1034 562 1137 anni,
620 1032 844 1138 dies,
908 1029 1647 1148 mensesque,quos
1702 1034 2039 1138 vixerit,
2080 1055 2524 1139 notantur,
2582 1032 2944 1144 aliquam
3008 1056 3064 1114 a

312 1151 551 1237 nobis
611 1148 916 1236 fastam
978 1149 1632 1236 observationem
1697 1148 2170 1235 afferemus.
2233 1148 2325 1232 Id
2389 1176 2436 1233 a
2519 1173 2817 1232 natura
2884 1146 3066 1230 infi-

313 1293 499 1355 tum
560 1268 727 1377 est,
789 1298 1121 1377 eorum,
1180 1297 1378 1382 quos
1438 1267 1857 1385 diligimus
1897 1329 1924 1375 ‚
1986 1270 2172 1353 vitae
2230 1266 2748 1351 durationem
2813 1265 3064 1351 adno-

313 1410 542 1472 tare.
601 1389 724 1474 At
786 1418 837 1472 a
900 1390 1373 1502 parentibus
1436 1392 1833 1501 praecipue
1890 1389 1978 1471 in
2045 1413 2477 1499 puerorum
2543 1384 2899 1468 funereis
2965 1385 3063 1469 ti-

318 1503 654 1589 tulis-id
715 1503 1147 1591 astitatum
1222 1504 1623 1591 credimus
1669 1564 1697 1613 ,
1782 1530 1872 1589 ut
1946 1502 2338 1609 maiorem
2431 1505 2517 1585 in
2607 1502 3065 1615 legentibus

320 1620 1123 1719 commiserationem
1185 1625 1640 1705 excitarent
1687 1680 1716 1728 ,
1796 1622 1892 1701 δι’
1935 1644 2026 1702 ut
2088 1615 2469 1703 solatium
2564 1616 2897 1731 aliquod
2961 1616 3065 1702 ab

319 1740 478 1824 hac
545 1739 1109 1825 recordatione
1172 1763 1702 1853 repeterent.
1765 1738 2317 1852 Frequentior
2378 1738 2638 1822 etiam
2706 1739 2794 1820 in
2863 1737 3066 1850 lapi·

319 1855 557 1941 dibus
621 1858 785 1944 haec
852 1860 1299 1963 memoria,
1358 1884 1608 1970 quam
1669 1855 2055 1941 diuturna
2104 1852 2353 1940 fuerit
2389 1855 2796 1939 demortui
2855 1855 3062 1960 vita,

321 1975 379 2061 si
440 1975 539 2061 de
609 1976 932 2090 pueris,
991 2004 1239 2090 quam
1283 1974 1340 2058 si
1397 1976 1496 2058 de
1560 1973 1906 2080 adultis,
1966 1997 2106 2060 aut
2169 1970 2488 2057 senibus
2547 1996 2864 2088 agatur,
2914 1969 3069 2055 hac

323 2091 426 2177 de
493 2094 804 2202 caussa,
863 2092 1080 2210 quod
1141 2094 1471 2177 illorum
1536 2092 1837 2178 natalis
1898 2096 2113 2177 horae
2176 2094 2587 2175 recentior
2651 2089 3066 2201 supererat

328 2214 787 2320 memoria,
849 2214 1194 2298 aliorum
1244 2209 1558 2295 facilius
1622 2212 2214 2297 amittebatur.
2277 2206 2414 2292 Est
2475 2211 2616 2323 qui
2665 2208 2877 2291 hanc
2930 2235 3071 2291 an·

320 2359 668 2430 norum,
734 2328 1176 2430 mensium,
1238 2329 1758 2437 dierumque,
1804 2327 1882 2405 8<
1934 2329 2317 2407 horarum
2354 2327 3071 2410 enumerationem

325 2445 417 2528 in
484 2443 839 2529 tumulis·
879 2446 979 2528 ab
1039 2443 1465 2555 Epicureis
1517 2440 2118 2526 beatitudinem
2185 2442 2271 2525 in
2336 2443 2514 2525 vita
2578 2442 3070 2554 ponentibus

328 2560 770 2677 praesertim
820 2558 1295 2674 usurpatam
1363 2559 1613 2641 velit:
1675 2584 1760 2642 at
1806 2558 1995 2641 huic
2030 2560 2147 2643 rei
2197 2560 2626 2672 probandae
2676 2558 2866 2644 satis
2904 2587 3067 2641 non

278 2670 442 2765 ‘est
503 2707 665 2763 una
724 2676 1145 2793 inscriptio
1206 2707 1254 2761 a
1300 2675 1672 2762 Reinesio
1734 2674 2126 2783 adducta,
2189 2679 2273 2760 in
2323 2707 2486 2791 qua
2531 2677 2631 2762 de
2687 2678 3067 2761 Martino

326 2793 690 2889 ,Valente
729 2797 1136 2910 Epicureo
1176 2794 1694 2908 Philosopho,
1731 2819 1932 2910 quot
1977 2823 2286 2902 annos,
2344 2796 2422 2877 8(
2470 2796 2712 2881 horas
2744 2778 3078 2904 vixerit,

328 2939 719 3003 notatum
780 2911 985 3028 (d).
1024 2918 1259 3000 Nam
1319 2914 1397 2997 8<
1445 2913 1549 2999 ab
1613 2913 1793 2999 aliis
1853 2914 2472 3028 quampluribus
2533 2915 2689 3001 hoc
2746 2912 3060 3028 usurpa·
3099 2908 3209 3031 ,52¹2
3248 2908 3546 3031 ζριξῇ-ζζθζξ·

312 3039 569 3141 ,tum‘,
628 3034 706 3117 8<
773 3034 880 3118 ab
939 3032 1125 3145 ipsis
1198 3034 1456 3120 etiam
1517 3029 2058 3140 Christianis,
2114 3061 2215 3117 ex
2264 3035 2620 3119 Fabreto
2685 3035 3065 3118 novimus
3100 3012 3552 3117 dfc‘monmraz'·

339 3148 539 3264 (e).
600 3157 699 3234 In
764 3150 926 3233 alia
983 3145 1198 3260 apud
1261 3144 1519 3261 ipsum
1578 3143 2111 3257 inscriptione
2160 3205 2184 3250 ,
2248 3179 2435 3232 cum
2500 3150 2887 3237 horarum
2950 3155 3033 3236 in
3108 3131 3224 3172 ‘³¹'

314 3294 603 3380 certus
665 3264 856 3352 effet
921 3293 1350 3370 numeruS,
1412 3261 1814 3347 adduntur
1887 3264 2050 3346 haec
2111 3266 2363 3348 verba
2418 3260 2593 3377 plus
2632 3269 2932 3376 minus,
2978 3272 3060 3354 in
3102 3238 3554 3369 (ἑῖιῖζηξῗῖἵξζ

339 3386 505 3471 alia
561 3383 756 3468 borae
802 3380 1144 3496 semffs
1206 3406 1593 3486 notatur,
1655 3383 1738 3465 in
1779 3381 1939 3465 alia
1958 3377 2309 3495 scr‘upuli
2325 3380 2473 3492 sex
2520 3381 2710 3466 borae
2759 3389 3075 3471 notati:
3112 3379 3468 3437 &“ffl”·¹¹⁹·

334 3528 595 3619 quota
658 3532 840 3616 pars
904 3505 1122 3587 horae
1184 3499 1430 3584 fuerit
1490 3496 1930 3611 scrupulus,
1992 3499 2206 3583 idem
2267 3497 2633 3587 sollerter
2695 3505 3081 3618 inquirit,

337 3623 419 3705 8<
481 3619 1177 3736 quadragesimam
1248 3616 1470 3701 fuisse
1522 3644 1845 3730 partem
1910 3615 2371 3703 existimat.
2441 3624 2634 3705 Haec
2665 3651 2857 3705 vero
2904 3650 3083 3710 tam

336 3740 485 3823 dili
550 3767 690 3823 ens
752 3736 1265 3823 enumeratio
1320 3736 1399 3819 3<
1435 3735 1535 3818 ab
1579 3734 1941 3820 Ethnica
1987 3732 2541 3846 superstitione
2590 3743 2857 3852 potuit
2900 3771 3079 3855 pro-

312 3853 471 3941 ·fici
508 3859 667 3964 ci,-
702 3857 779 3941 8<
844 3885 890 3940 a
938 3853 1514 3942 benevolentia
1577 3881 1622 3936 a
1673 3876 1966 3939 natura
2006 3852 2272 3939 indita
2329 3855 2711 3940 humanis
2758 3861 3080 3969 animis;

336 3974 705 4093 adeoque
753 3976 1007 4058 etiam
1041 3975 1126 4057 in
1165 3969 1819 4057 Christianorum
1858 3969 2298 4085 sepulchris
2348 3973 2767 4061 adhibita.
2817 3976 3080 4061 Utrif-

338 4121 503 4208 que
564 4090 960 4178 astrorum
1020 4088 1476 4175 observatio
1546 4089 1631 4174 in
1697 4091 1995 4175 natalis
2080 4116 2504 4178 momento
2581 4095 3083 4182 occasionem

277 4319 286 4326 .
341 4210 688 4325 praebuit
750 4209 1046 4318 horaS,
1105 4206 1423 4323 diesque
1476 4207 1880 4315 notandi,
1923 4237 2013 4293 ac
2050 4209 2582 4298 numerandi.
2625 4216 2746 4297 At
2783 4214 3083 4297 Ethni-

346 4358 480 4416 cos
526 4353 927 4444 ‚praeterea
963 4387 992 4435 ,
1049 4356 1303 4440 quum
1365 4354 1801 4441 puerorum
1863 4353 2119 4412 annos
2183 4350 2356 4411 tam
2419 4355 2802 4414 accurate
2863 4356 3090 4414 nota·

344 4470 595 4555 rent,
653 4443 1029 4559 suspicari
1091 4442 1491 4558 possumus
1537 4443 1617 4528 id
1661 4444 2079 4559 religionis
2126 4473 2321 4558 ergo
2373 4444 2684 4530 fecisse.
2744 4446 3094 4532 Creber·

342 4566 558 4648 rime
625 4562 751 4652 ini
811 4564 1171 4652 litabant
1228 4561 1794 4648 defunGiorurn
1863 4562 2256 4648 Manibus
2295 4622 2322 4665 ,
2384 4563 2742 4676 adeoque
2804 4560 3086 4647 fortas-

344 4677 461 4788 fis·
508 4677 643 4762 sua
696 4678 1015 4790 fingulae
1075 4705 1350 4770 aetates
1409 4679 1830 4800 habebant
1864 4677 2310 4786 sacrificia,
2349 4674 2578 4766 sicuti
2626 4680 2837 4795 apud
2876 4680 3091 4767 Infe-

602 4795 971 4885 Tomdl.
1801 4799 1847 4880 Ι
2448 4794 2458 4800 ’
2843 4826 2975 4887 ros
