4484 5850
1434 548 2131 662 humarentur,
2190 536 2351 679 qui
2411 532 2593 636 suis
2662 526 3137 638 cineribus
3188 528 3417 638 estet
3504 533 3887 666 honbs;
3958 568 4141 677 qua

1433 689 1799 788 ratione
1874 716 2238 783 nomen
2317 677 2599 776 suum
2705 676 2823 776 ab
2913 678 3386 777 oblivione
3482 679 4076 781 vindicarent
4110 757 4134 781 .

1437 827 1650 962 Ipse
1694 823 2293 924 Abrahamus
2343 895 2370 937 ‚
2424 852 2532 918 ut
2598 816 2719 918 de
2772 820 3095 918 ceteris
3163 817 3502 950 Judaeis
3560 820 4135 921 Patriarchis

1440 999 1913 1067 taceamus
1954 1039 1980 1082 ,
2053 996 2269 1061 rem
2383 957 2629 1058 hanc
2705 993 2910 1057 non
2991 960 3456 1095 neglexit,
3536 994 3835 1093 quum
3909 958 4139 1091 justa

1444 1105 1610 1206 ille
1684 1111 1926 1208 Sarae
1993 1103 2254 1202 uxori
2340 1092 2749 1198 splvisset
2833 1098 3240 1199 Hetheis
3311 1097 3728 1234 sepulcra
3789 1100 3957 1200 sua
3997 1102 4145 1198 in·

1441 1245 1844 1380 figniora
1890 1320 1918 1360 ,
2011 1243 2120 1343 in
2197 1238 2549 1377 quibus,
2602 1235 2869 1337 illam
2920 1238 3369 1340 conderet
3404 1314 3437 1354 ,
3512 1237 4144 1340 offerentibus

1443 1418 1648 1486 non
1687 1382 2294 1484 auscultavit:
2356 1413 2698 1482 verum
2747 1380 2863 1478 ab
2912 1379 3236 1514 Ephra
3274 1376 3478 1476 filio
3525 1376 3762 1480 Scor
3806 1409 4153 1514 agrum

1441 1557 1676 1624 cum
1765 1522 2201 1659 spelunca
2268 1519 2623 1654 duplici
2730 1516 3590 1655 quadrigentorum
3676 1518 4149 1622 Siclorum

1445 1696 2120 1799 argenteorum
2216 1661 2541 1797 pretio,
2622 1662 2868 1759 emit
2906 1734 2932 1774 ,
3030 1665 3711 1794 pecuniamque
3742 1735 3770 1772 ‚
3860 1690 4153 1792 quam

1447 1801 1613 1902 ille
1707 1799 2207 1938 gratificari
2330 1799 2654 1898 volens
2749 1800 3305 1900 Abrahamo
3330 1819 3385 1918 ,'
3437 1797 3921 1898 recusabat
3952 1871 3986 1914 ‚
4051 1798 4156 1898 in

1451 1976 1802 2079 magna
1858 1942 2469 2041 Hetheorum
2514 1937 3048 2075 frequentia
3088 1970 3690 2040 numeratam
3740 1937 4160 2071 accipere

1455 2077 1828 2218 coegit,
1891 2115 1999 2179 ut
2101 2081 2327 2198 su0‚
2420 2078 2779 2215 suaeque
2850 2082 3156 2178 uxoris
3234 2076 3657 2215 sepulcro
3725 2107 4162 2193 caveret,

1375 2260 1410 2270 ‘
1457 2221 1706 2356 quod
1788 2221 2098 2354 aliqua
2160 2218 2777 2355 inscriptione
2830 2219 2949 2320 ab
3013 2218 3218 2359 ipso
3278 2212 3554 2318 fuiffe
3608 2214 4167 2353 insignitum
4286 2265 4303 2276 ·
4436 2349 4437 2360 Ν

981 2361 2279 2463 mem-²³·2verifimillimum
2344 2359 2480 2461 est
2551 2438 2573 2460 .
2650 2359 2776 2496 (l)
2848 2363 2997 2459 Ex
3072 2358 3501 2461 Ethnicis
3561 2389 3893 2458 autem
3959 2392 4165 2456 non

1455 2504 1731 2640 pauci
1809 2501 2079 2603 fuere
2109 2579 2136 2619 ‚
2227 2502 2556 2636 quibus
2639 2535 2838 2601 non
2896 2499 3208 2602 solum
3276 2497 3767 2601 tumulum
3801 2573 3828 2615 ‚
3929 2495 4168 2597 dum

1445 2644 1907 2748 ..viverent
1945 2716 1972 2754 ,
2054 2639 2222 2737 fibi
2287 2640 2763 2775 designare
2812 2714 2842 2756 ‚
2904 2637 3071 2739 sed
3139 2639 3338 2776 ipsa
3426 2636 3903 2775 epitaphia
3966 2671 4170 2737 con·

1449 2780 1847 2879 cinnare
1893 2777 2289 2912 placuit.
2377 2780 2525 2874 Ita
2600 2778 3224 2880 Archimedes
3292 2778 3713 2915 sepulcro
3764 2776 3937 2874 suo
4016 2810 4175 2912 cy·

1439 2916 1900 3017 ..lindrum
1955 2914 2327 3051 sphaerae
2407 2914 3225 3052 circumscriptum
3329 2907 3708 3056 imponi
3790 2917 4175 3017 manda·

1449 3057 1613 3156 -vit
1669 3057 1915 3155 hanc
1982 3090 2278 3155 unam
2342 3054 2932 3157 celeberrimi
2988 3058 3131 3157 fiii
3164 3062 3544 3161 inventi
3588 3060 4171 3160 memoriam

1447 3195 1624 3333 -adJ
1669 3196 2158 3296 tumulum
2204 3196 2485 3296 suum
2524 3198 2642 3297 ab
2717 3195 2915 3296 aliis
2958 3198 3645 3303 secernendum
3683 3197 3891 3299 satis
3970 3195 4170 3298 fore

1449 3371 1780 3455 ratus,
1865 3337 1989 3437 ὃζ
2085 3337 2415 3473 reapse
2485 3336 2701 3437 hoc
2789 3335 3103 3472 ipsum
3179 3339 3725 3474 symbolum
3809 3339 3975 3455 ‚vix
4041 3337 4171 3438 est

991 3478 2047 3647 ffigfc.euquaesssconspicarus
2098 3479 2442 3577 Cicero
2484 3476 3085 3581 Archimedis
3134 3479 3298 3614 (m)
3355 3555 3380 3598 ,
3452 3480 3771 3581 statim
3852 3510 4173 3577 tumu-

1063 3658 1070 3666 ·
1140 3612 1158 3631 ’
1449 3621 1686 3719 -lum
1747 3618 2189 3752 agnovit,
2272 3616 2393 3716 ssc
2450 3615 3021 3719 Siracusanis
3075 3695 3100 3737 ‚
3156 3621 3310 3753 qui
3376 3621 3614 3725 tanti
3684 3618 3922 3741 civis
3977 3615 4209 3715 mo-'

1453 3790 2051 3863 -numentum
2107 3756 2713 3891 neglexerant
2752 3831 2780 3875 ,
2846 3758 3297 3863 indicavit
3331 3837 3352 3857 .
3422 3765 3565 3859 Ita
3634 3759 3925 3859 etiam
3985 3765 4177 3861 Aur

1455 3899 1780 4037 gustus
1863 3931 1922 3993 a
2005 3899 2330 3995 Dione
2454 3894 2800 3996 dicitur
2901 3900 3322 4035 geminas
3434 3899 3558 3997 ad
3644 3897 4185 4032 sepulcrum

1451 4042 1754 4139 ‘suum
1808 4071 2104 4134 aeneas
2174 4034 2655 4135 columnas
2698 4036 3133 4139 collocari
3182 4032 3526 4171 juffiffe
3574 4115 3601 4157 ‚
3666 4038 3785 4139 &t
3851 4073 4181 4137 rerum

1451 4212 1526 4278 -a
1569 4181 1663 4280 se
1715 4177 2179 4314 gestarum
2225 4173 2828 4309 inscriptione
2875 4178 3345 4287 decorari.
3402 4182 3531 4277 Et
3580 4177 3838 4285 Sulla
3887 4204 4178 4313 'penes

1457 4316 2094 4420 ‘Plutarchum
2135 4314 2435 4419 fertur
2498 4315 3038 4449 hujusmodi
3067 4318 3793 4456 inscriptionem
3821 4314 3994 4421 suo
4034 4348 4182 4419 tu·

1459 4462 1746 4563 ,mqu
1821 4455 2434 4558 incidendam
2515 4451 2927 4558 curasse:
3000 4471 3094 4556 Se
3183 4501 3427 4600 neque
3490 4473 3592 4557 ab
3662 4474 3834 4557 ullo
3898 4473 4180 4579 amico-

1455 4637 1650 4729 ·wm
1692 4607 2078 4718 beneficiis
2112 4671 2137 4714 ,
2177 4636 2420 4735 neque
2459 4609 2559 4699 ab
2605 4612 2777 4701 ullo
2825 4611 3151 4729 inimico
3206 4610 3628 4723 malfficiis
3660 4613 3771 4735 [ςι
3771 4632 4131 4729 peratum
4154 4672 4177 4697 .

3845 4744 4061 4843 Nec
