4484 5850
1447 470 1614 556 108

2582 588 2744 669 ,·V.

1435 711 1716 806 Natus
1768 704 1879 792 est
1928 701 2319 820 Orpheus
2367 728 2767 819 regnante
2826 700 3185 788 Athenis
3248 703 3513 819 AEgeo
3549 762 3576 810 ‚
3670 704 3812 816 qui
3874 706 4083 787 Pan-

1320 826 1551 912 dioni
1624 823 2089 931 succefferat
2161 882 2191 928 ,
2275 824 2577 935 quique
2648 820 2751 906 ab
2820 820 3130 906 AEthra
3207 821 3535 905 Pitthaei
3584 823 3842 936 Regis
3907 819 4082 932 fitia

1324 941 1743 1030 Theseum
1799 942 2123 1055 Orphei
2169 968 2523 1024 coaevum
2576 936 2958 1053 suscepit.
3021 943 3133 1023 Et
3185 937 3880 1054 Judicibus‚inter
3906 938 4073 1048 He-

1325 1062 1622 1168 bracos,
1684 1058 2318 1172 Rempublicam
2370 1054 3121 1142 administrantibus
3165 1116 3195 1162 ‚
3268 1057 3395 1141 uti
3460 1056 3695 1141 docet
3758 1053 4071 1161 Suidas‚

1323 1181 1471 1295 qui
1520 1178 1652 1262 sex
1699 1178 2024 1290 Orphei
2059 1177 2394 1260 nomine
2445 1172 3183 1269 illustreshomines
3220 1198 3640 1285 numerat3
3672 1199 3763 1258 at
3802 1170 4077 1257 Thra·

1332 1326 1513 1382 cem
1552 1357 1581 1404 ,
1644 1293 1804 1380 five
1843 1293 2369 1378 Libethrium
2436 1315 2630 1377 tunc
2678 1294 3071 1406 temporis
3130 1289 3466 1374 floruisse
3523 1290 3852 1400 asserit,
3912 1318 4075 1403 quo

1323 1411 1648 1533 Judices
1707 1413 2240 1501 Hebraeorum
2292 1411 2923 1526 Rempublicam
2976 1409 3611 1495 moderabantur
3630 1469 3679 1504 ,χ
4076 1447 4087 1456 ·

1469 1654 1559 1737 Si
1641 1649 2024 1765 Orpheus
2132 1648 2453 1735 audivit
2528 1646 2839 1740 Linum
2940 1646 3441 1732 Thebanum
3490 1706 3523 1752 ,
3631 1674 3795 1731 non
3861 1642 4079 1732 refie

1326 1771 1580 1883 igitur
1667 1768 1973 1853 Voffius
2045 1826 2073 1873 ‚
2189 1767 2333 1878 qui
2440 1767 2741 1849 Linum
2842 1765 3186 1878 Orpheo
3271 1762 3683 1870 juniorem.
3758 1766 3995 1878 ponit
4056 1820 4080 1845 .

1331 1891 1587 1971 Linus
1636 1887 2087 1971 Thebanus
2131 1885 2688 1989 rhitmorum,
2749 1882 2826 1962 8<
2881 1881 3244 1965 melodiae
3291 1883 3674 1965 inventor
3719 1910 3767 1965 a
3818 1879 4076 1966 Mars-

1327 2005 1582 2089 hamo
1636 2004 1985 2089 traditur
2035 2005 2123 2085 in
2165 2005 2543 2086 Marmor
2594 2006 2657 2085 I.
2706 1999 3438 2105 Arnndellianum,
3501 1999 3579 2081 δε
3611 2000 3699 2083 in
3748 2029 3835 2083 re
3887 2028 4079 2114 poe-

1324 2125 1492 2206 tica
1543 2119 2258 2237 praestantissimus.
2319 2123 2399 2203 A
2461 2118 2754 2224 Suida,
2818 2119 2895 2199 8(
2947 2120 3250 2203 Tacito
3304 2116 3442 2200 lib.
3484 2143 3558 2200 2.
3596 2118 3869 2202 annal.
3897 2146 4079 2230 cap.

1334 2266 1467 2346 14.
1529 2242 1741 2324 Lino
1789 2266 2111 2353 quoque
2157 2235 3031 2322 tribuitur-literarum
3080 2233 3510 2320 translatio
3552 2265 3601 2320 e
3641 2236 4069 2321 Phoenicia

1325 2359 1410 2442 in
1468 2360 1923 2462 Graeciam,
1979 2352 2113 2441 sed
2168 2381 2511 2468 uterque
2558 2380 2828 2460 errat,
2873 2383 3060 2466 cum
3129 2382 3177 2438 a
3222 2350 3542 2437 Cadmo
3595 2356 3913 2439 Graecos
3960 2353 4071 2439 'li-

1326 2497 1543 2561 teras
1587 2472 1937 2560 didicisse
1997 2471 2163 2557 fere
2215 2473 2627 2560 unanimis
2672 2471 2767 2558 fit
2825 2473 3330 2586 Scriptorum
3377 2468 3834 2556 sententia.

1373 2710 1832 2796 -·Cadnius‘
1890 2710 2316 2795 Phoenicia
2369 2706 2763 2793 oriundus
2820 2708 3223 2823 Agenoris
3280 2704 3763 2793 Phoenicum
3822 2711 4078 2823 Regis

1334 2827 1543 2912 filius
1585 2826 1803 2941 fuit3
1874 2827 2083 2912 unde
2133 2826 2391 2910 dictus
2434 2831 2963 2943 Agenoreus.
3025 2828 3309 2941 Qum
3355 2829 3776 2941 Europam
3853 2829 4086 2912 Soro-

1338 2977 1518 3030 rem
1584 2974 1632 3029 a
1678 2953 1876 3063 Jove
1937 2944 2455 3030 Cretenfium
2509 2951 2740 3059 Rege
2796 2968 3174 3058 raptam,
3234 2972 3481 3057 quam
3549 2943 3736 3055 jussu
3818 2949 4087 3030 Patris

1349 3066 1844 3178 quaeritabat
1886 3124 1917 3162 .,
1978 3063 2196 3147 haud
2258 3064 2613 3175 reperire
2688 3061 2938 3176 poffet
2988 3123 3014 3169 ,
3076 3063 3159 3145 in
3232 3061 3629 3146 Graeciam
3693 3064 3898 3147 abiit
3962 3091 4085 3148 re-

1342 3205 1656 3297 gnante
1707 3180 2068 3265 Athenis
2121 3179 2735 3294 Amphissyone
2766 3241 2791 3287 ,
2856 3178 3315 3293 primusque
3366 3179 3795 3287 literas‚&
3845 3180 4084 3264 Phoe·

1333 3302 1610 3384 nicum
1680 3296 2127 3409 mysteria,
2213 3299 2858 3413 religionemque
2929 3299 3246 3382 Graeciae
3294 3297 3577 3382 intulit
3625 3357 3646 3380 .
3710 3298 4085 3383 Herodo-

1329 3442 1457 3503 tus
1506 3416 1646 3501 lib.
1691 3423 1792 3499 V.
1849 3444 2026 3531 cap.
2085 3417 2270 3525 58„
2329 3415 3015 3502 Diodorus’Sicul.
3061 3414 3199 3497 lib.
3243 3443 3313 3524 3.
3342 3476 3367 3521 ,
3395 3415 3845 3500 Bochartus
3871 3419 4081 3501 Geo-

1330 3535 1692 3649 graphiae
1741 3562 1914 3646 par.
1978 3561 2051 3616 2.
2088 3535 2225 3637 lib.
2297 3560 2373 3616 1.
2435 3563 2615 3647 cap.
2674 3561 2860 3641 κα,
2924 3559 3166 3647 atque
3223 3535 3305 3616 in
3367 3535 3687 3617 Boeotia
3746 3534 4085 3618 domici·

1340 3653 1543 3735 lium
1601 3650 1826 3734 suum
1886 3680 2067 3735 cum
2119 3649 2343 3735 sociis
2376 3712 2404 3757 ‚
2453 3654 2722 3763 ibique
2793 3651 3126 3741 Thebas
3173 3650 3532 3734 condidit
3570 3650 3830 3757 ,unde
3855 3651 4088 3736 The-

1342 3771 1600 3853 banus
1630 3767 1887 3853 audiit
1917 3827 1938 3849 .
1966 3771 2263 3852 Conon
2288 3829 2319 3874 ,
2367 3771 2842 3860 narratione
2890 3796 3065 3878 37„
3091 3766 3368 3852 auctor
3408 3766 3519 3851 est
3546 3768 3957 3853 Cadmum
3992 3772 4085 3853 in

1347 3887 1743 3969 Graeciam
1802 3883 2156 3990 veniffe‚
2220 3915 2385 3969 non
2444 3912 2536 3971 ut
2606 3885 2961 3970 sororem
3007 3911 3450 3999 quaereret,
3508 3883 3638 3969 sed
3688 3910 3781 3970 ut
3829 3914 4083 3970 novas

1354 4002 1845 4086 Phoenicum
1909 4003 2299 4087 Colonias
2363 4002 2791 4087 deduceret
2826 4063 2847 4084 .
2908 4004 3184 4090 Suidas
3237 4032 3671 4116 perperam
3753 4003 4086 4089 confun-

1340 4120 1467 4204 dit
1491 4119 1905 4205 Cadmum
1933 4121 2448 4204 Phoenicium
2479 4181 2507 4226 ,
2566 4149 2745 4206 cum
2797 4120 3119 4207 Cadmo
3164 4120 3541 4205 Milefio.
3602 4121 3813 4207 Vide
3845 4127 4086 4207 Lam-

1337 4240 1704 4323 beccium
1743 4239 1828 4321 in
1879 4237 2320 4353 prodromo
2367 4237 2639 4323 histor.
2698 4269 2775 4354 p.
2839 4264 3027 4349 157.

1455 4476 1932 4591 Navigavit
1984 4475 2373 4589 Orpheus
2423 4475 2507 4558 in
2547 4477 3057 4589 AEgyptum.
3119 4475 3651 4563 Disertissime
3696 4476 3775 4560 id
3802 4497 4089 4563 n‘arrat

1331 4591 1743 4678 Diodorus
1806 4595 2123 4678 Siculus
2164 4596 2305 4677 lib.
2354 4597 2504 4675 IV.
2555 4621 2742 4708 pag.
2799 4619 2986 4703 23.,
3032 4596 3108 4675 8<
3146 4594 3591 4681 Kircherus
3621 4597 3703 4678 in
3736 4594 4086 4680 Obelifc.

1331 4710 1747 4824 Pamphil.
1797 4711 1941 4796 lib.
1968 4717 2075 4795 II.
2105 4740 2284 4825 cap.
2320 4738 2397 4821 3.
2423 4739 2613 4828 pag.
2646 4736 2838 4819 104.
2885 4713 3232 4825 probare
3272 4713 3615 4798 enititur
3643 4714 4085 4828 Orpheum

3855 4857 3959 4917 ex
