<?xml version="1.0" encoding="UTF-8"?>
<!DOCTYPE html PUBLIC "-//W3C//DTD XHTML 1.0 Transitional//EN"
    "http://www.w3.org/TR/xhtml1/DTD/xhtml1-transitional.dtd">
<html xmlns="http://www.w3.org/1999/xhtml" xml:lang="en" lang="en">
 <head>
  <title>
</title>
<meta http-equiv="Content-Type" content="text/html;charset=utf-8" />
  <meta name='ocr-system' content='tesseract 3.04.00' />
  <meta name='ocr-capabilities' content='ocr_page ocr_carea ocr_par ocr_line ocrx_word'/>
</head>
<body>
  <div class='ocr_page' id='page_1' title='image "./marmorataurinen00ricogoog_0302.png"; bbox 0 0 4484 5850; ppageno 0'>
   <div class='ocr_carea' id='block_1_1' title="bbox 1414 466 4179 4813">
    <p class='ocr_par' dir='ltr' id='par_1_1' title="bbox 1414 466 4179 4813">
     <span class='ocr_line' id='line_1_1' title="bbox 1531 466 1701 547; baseline 0 -25"><span class='ocrx_word' id='word_1_1' title='bbox 1531 466 1701 547; x_wconf 74' lang='lat'>240</span> 
     </span>
     <span class='ocr_line' id='line_1_2' title="bbox 1414 556 4148 665; baseline 0.004 -26"><span class='ocrx_word' id='word_1_2' title='bbox 1414 559 1928 665; x_wconf 80' lang='lat' dir='ltr'>videbatur,</span> <span class='ocrx_word' id='word_1_3' title='bbox 1969 556 2207 641; x_wconf 84' lang='lat' dir='ltr'>alteri</span> <span class='ocrx_word' id='word_1_4' title='bbox 2280 558 2563 641; x_wconf 83' lang='lat' dir='ltr'>tenera</span> <span class='ocrx_word' id='word_1_5' title='bbox 2606 581 2793 641; x_wconf 77' lang='lat' dir='ltr'>aetas</span> <span class='ocrx_word' id='word_1_6' title='bbox 2834 586 3021 641; x_wconf 90' lang='lat' dir='ltr'>cum</span> <span class='ocrx_word' id='word_1_7' title='bbox 3068 557 3473 642; x_wconf 78' lang='lat' dir='ltr'>minorem</span> <span class='ocrx_word' id='word_1_8' title='bbox 3523 558 3945 647; x_wconf 61' lang='lat' dir='ltr'>affeRandi</span> <span class='ocrx_word' id='word_1_9' title='bbox 3981 567 4148 650; x_wconf 77' lang='lat' dir='ltr'>Re-</span> 
     </span>
     <span class='ocr_line' id='line_1_3' title="bbox 1416 675 4145 792; baseline 0.004 -34"><span class='ocrx_word' id='word_1_10' title='bbox 1416 681 1560 792; x_wconf 81' lang='lat' dir='ltr'>gni</span> <span class='ocrx_word' id='word_1_11' title='bbox 1623 675 2148 789; x_wconf 83' lang='lat' dir='ltr'>suspicionem</span> <span class='ocrx_word' id='word_1_12' title='bbox 2198 675 2623 786; x_wconf 82' lang='lat' dir='ltr'>injiceret,</span> <span class='ocrx_word' id='word_1_13' title='bbox 2688 675 3020 760; x_wconf 85' lang='lat' dir='ltr'>veniam</span> <span class='ocrx_word' id='word_1_14' title='bbox 3084 678 3615 789; x_wconf 87' lang='lat' dir='ltr'>impetravit.</span> <span class='ocrx_word' id='word_1_15' title='bbox 3677 683 3865 765; x_wconf 85' lang='lat' dir='ltr'>Hac</span> <span class='ocrx_word' id='word_1_16' title='bbox 3932 685 4145 768; x_wconf 80' lang='lat' dir='ltr'>caede</span> 
     </span>
     <span class='ocr_line' id='line_1_4' title="bbox 1421 792 4149 910; baseline 0.004 -34"><span class='ocrx_word' id='word_1_17' title='bbox 1421 792 1751 909; x_wconf 60' lang='lat' dir='ltr'>peraeta</span> <span class='ocrx_word' id='word_1_18' title='bbox 1799 792 1945 880; x_wconf 87' lang='lat' dir='ltr'>soli</span> <span class='ocrx_word' id='word_1_19' title='bbox 1992 818 2152 878; x_wconf 84' lang='lat' dir='ltr'>tres</span> <span class='ocrx_word' id='word_1_20' title='bbox 2211 793 2360 877; x_wconf 86' lang='lat' dir='ltr'>filii</span> <span class='ocrx_word' id='word_1_21' title='bbox 2409 793 2860 878; x_wconf 85' lang='lat' dir='ltr'>salutantur</span> <span class='ocrx_word' id='word_1_22' title='bbox 2922 792 3265 910; x_wconf 85' lang='lat' dir='ltr'>Augusti</span> <span class='ocrx_word' id='word_1_23' title='bbox 3315 796 3416 879; x_wconf 91' lang='lat' dir='ltr'>ab</span> <span class='ocrx_word' id='word_1_24' title='bbox 3455 799 3872 907; x_wconf 84' lang='lat' dir='ltr'>exercitu,</span> <span class='ocrx_word' id='word_1_25' title='bbox 3952 802 4037 881; x_wconf 77' lang='lat'>8&lt;</span> <span class='ocrx_word' id='word_1_26' title='bbox 4098 829 4149 886; x_wconf 83' lang='lat' dir='ltr'>a</span> 
     </span>
     <span class='ocr_line' id='line_1_5' title="bbox 1424 912 4151 1031; baseline 0.003 -35"><span class='ocrx_word' id='word_1_27' title='bbox 1424 919 1728 997; x_wconf 81' lang='lat' dir='ltr'>Senatu</span> <span class='ocrx_word' id='word_1_28' title='bbox 1763 974 1792 1023; x_wconf 90' lang='lat'>,</span> <span class='ocrx_word' id='word_1_29' title='bbox 1852 912 2264 1027; x_wconf 87' lang='lat' dir='ltr'>iidemque</span> <span class='ocrx_word' id='word_1_30' title='bbox 2322 914 2413 996; x_wconf 89' lang='lat' dir='ltr'>in</span> <span class='ocrx_word' id='word_1_31' title='bbox 2475 914 2909 997; x_wconf 86' lang='lat' dir='ltr'>Pannonia</span> <span class='ocrx_word' id='word_1_32' title='bbox 2970 938 3542 997; x_wconf 79' lang='lat' dir='ltr'>convenerunt</span> <span class='ocrx_word' id='word_1_33' title='bbox 3604 944 3910 1001; x_wconf 87' lang='lat' dir='ltr'>novam</span> <span class='ocrx_word' id='word_1_34' title='bbox 3967 948 4151 1031; x_wconf 84' lang='lat' dir='ltr'>par·</span> 
     </span>
     <span class='ocr_line' id='line_1_6' title="bbox 1421 1028 4147 1151; baseline 0.002 -36"><span class='ocrx_word' id='word_1_35' title='bbox 1421 1034 1814 1115; x_wconf 88' lang='lat' dir='ltr'>titionem</span> <span class='ocrx_word' id='word_1_36' title='bbox 1879 1028 2169 1115; x_wconf 64' lang='lat' dir='ltr'>fafluri</span> <span class='ocrx_word' id='word_1_37' title='bbox 2218 1090 2245 1114; x_wconf 83' lang='lat'><strong>.</strong></span> <span class='ocrx_word' id='word_1_38' title='bbox 2335 1036 2647 1137; x_wconf 79' lang='lat' dir='ltr'>LocuS,</span> <span class='ocrx_word' id='word_1_39' title='bbox 2731 1033 2818 1113; x_wconf 88' lang='lat' dir='ltr'>in</span> <span class='ocrx_word' id='word_1_40' title='bbox 2896 1060 3060 1144; x_wconf 90' lang='lat' dir='ltr'>quo</span> <span class='ocrx_word' id='word_1_41' title='bbox 3118 1029 3507 1148; x_wconf 85' lang='lat' dir='ltr'>congreffi</span> <span class='ocrx_word' id='word_1_42' title='bbox 3566 1033 4147 1151; x_wconf 80' lang='lat' dir='ltr'>Philadelphia</span> 
     </span>
     <span class='ocr_line' id='line_1_7' title="bbox 1421 1146 4153 1269; baseline 0.002 -37"><span class='ocrx_word' id='word_1_43' title='bbox 1421 1148 1636 1232; x_wconf 60' lang='lat' dir='ltr'>dicia</span> <span class='ocrx_word' id='word_1_44' title='bbox 1697 1149 1957 1234; x_wconf 82' lang='lat' dir='ltr'>fertur</span> <span class='ocrx_word' id='word_1_45' title='bbox 2037 1152 2140 1233; x_wconf 69' lang='lat' dir='ltr'>&#39;ab</span> <span class='ocrx_word' id='word_1_46' title='bbox 2202 1177 2480 1251; x_wconf 88' lang='lat' dir='ltr'>amore</span> <span class='ocrx_word' id='word_1_47' title='bbox 2557 1146 2976 1256; x_wconf 82' lang='lat' dir='ltr'>fratrum,</span> <span class='ocrx_word' id='word_1_48' title='bbox 3067 1149 3354 1258; x_wconf 82' lang='lat' dir='ltr'>quibus</span> <span class='ocrx_word' id='word_1_49' title='bbox 3446 1146 3773 1264; x_wconf 68' lang='lat' dir='ltr'>lingulis</span> <span class='ocrx_word' id='word_1_50' title='bbox 3850 1153 4153 1269; x_wconf 73' lang='lat' dir='ltr'>politas</span> 
     </span>
     <span class='ocr_line' id='line_1_8' title="bbox 1425 1264 4159 1386; baseline 0.003 -37"><span class='ocrx_word' id='word_1_51' title='bbox 1425 1269 1539 1349; x_wconf 90' lang='lat' dir='ltr'>ibi</span> <span class='ocrx_word' id='word_1_52' title='bbox 1590 1267 1812 1351; x_wconf 87' lang='lat' dir='ltr'>fuisse</span> <span class='ocrx_word' id='word_1_53' title='bbox 1870 1264 2167 1351; x_wconf 84' lang='lat' dir='ltr'>statuas</span> <span class='ocrx_word' id='word_1_54' title='bbox 2225 1266 2449 1351; x_wconf 86' lang='lat' dir='ltr'>fama</span> <span class='ocrx_word' id='word_1_55' title='bbox 2509 1264 2666 1349; x_wconf 88' lang='lat' dir='ltr'>est.</span> <span class='ocrx_word' id='word_1_56' title='bbox 2729 1269 2864 1350; x_wconf 92' lang='lat' dir='ltr'>De</span> <span class='ocrx_word' id='word_1_57' title='bbox 2927 1294 3144 1367; x_wconf 81' lang='lat' dir='ltr'>nova</span> <span class='ocrx_word' id='word_1_58' title='bbox 3208 1268 3658 1378; x_wconf 84' lang='lat' dir='ltr'>partitione</span> <span class='ocrx_word' id='word_1_59' title='bbox 3718 1272 3861 1353; x_wconf 80' lang='lat' dir='ltr'>vix</span> <span class='ocrx_word' id='word_1_60' title='bbox 3922 1273 4159 1386; x_wconf 68' lang='lat' dir='ltr'>quid-&#39;⁶</span> 
     </span>
     <span class='ocr_line' id='line_1_9' title="bbox 1428 1380 4157 1500; baseline 0.003 -33"><span class='ocrx_word' id='word_1_61' title='bbox 1428 1384 1926 1498; x_wconf 66' lang='lat' dir='ltr'>quam&#39;certi</span> <span class='ocrx_word' id='word_1_62' title='bbox 1980 1381 2218 1468; x_wconf 89' lang='lat' dir='ltr'>statui</span> <span class='ocrx_word' id='word_1_63' title='bbox 2282 1380 2615 1498; x_wconf 75' lang='lat' dir='ltr'>potest,</span> <span class='ocrx_word' id='word_1_64' title='bbox 2658 1382 2834 1489; x_wconf 82' lang='lat' dir='ltr'>nili,</span> <span class='ocrx_word' id='word_1_65' title='bbox 2880 1382 3134 1467; x_wconf 82' lang='lat' dir='ltr'>divisa</span> <span class='ocrx_word' id='word_1_66' title='bbox 3184 1385 3401 1467; x_wconf 89' lang='lat' dir='ltr'>inter</span> <span class='ocrx_word' id='word_1_67' title='bbox 3448 1384 3524 1469; x_wconf 89' lang='lat' dir='ltr'>se</span> <span class='ocrx_word' id='word_1_68' title='bbox 3582 1387 3995 1475; x_wconf 87' lang='lat' dir='ltr'>Dalmatii</span> <span class='ocrx_word' id='word_1_69' title='bbox 4025 1393 4157 1500; x_wconf 76' lang='grc' dir='ltr'>,δε</span> 
     </span>
     <span class='ocr_line' id='line_1_10' title="bbox 1426 1498 4161 1621; baseline 0.001 -31"><span class='ocrx_word' id='word_1_70' title='bbox 1426 1504 1970 1590; x_wconf 85' lang='lat' dir='ltr'>Annibaliani</span> <span class='ocrx_word' id='word_1_71' title='bbox 2020 1500 2463 1588; x_wconf 87' lang='lat' dir='ltr'>occisorum</span> <span class='ocrx_word' id='word_1_72' title='bbox 2509 1502 2824 1586; x_wconf 87' lang='lat' dir='ltr'>ditione</span> <span class='ocrx_word' id='word_1_73' title='bbox 2853 1498 3401 1607; x_wconf 82' lang='lat' dir='ltr'>,destinatam</span> <span class='ocrx_word' id='word_1_74' title='bbox 3444 1506 3762 1589; x_wconf 80' lang='lat' dir='ltr'>aPatre</span> <span class='ocrx_word' id='word_1_75' title='bbox 3805 1511 4161 1621; x_wconf 88' lang='lat' dir='ltr'>Imperii</span> 
     </span>
     <span class='ocr_line' id='line_1_11' title="bbox 1432 1617 4155 1740; baseline 0.002 -34"><span class='ocrx_word' id='word_1_76' title='bbox 1432 1649 1763 1738; x_wconf 88' lang='lat' dir='ltr'>partem</span> <span class='ocrx_word' id='word_1_77' title='bbox 1813 1622 1933 1705; x_wconf 80' lang='lat' dir='ltr'>ab·</span> <span class='ocrx_word' id='word_1_78' title='bbox 1973 1649 2455 1735; x_wconf 87' lang='lat' dir='ltr'>unoquoque</span> <span class='ocrx_word' id='word_1_79' title='bbox 2519 1645 2982 1704; x_wconf 82' lang='lat' dir='ltr'>retentam.</span> <span class='ocrx_word' id='word_1_80' title='bbox 3055 1617 3483 1725; x_wconf 82' lang='lat' dir='ltr'>Remanfit</span> <span class='ocrx_word' id='word_1_81' title='bbox 3534 1645 3815 1713; x_wconf 82' lang='lat' dir='ltr'>tamen</span> <span class='ocrx_word' id='word_1_82' title='bbox 3867 1628 4155 1740; x_wconf 77' lang='lat' dir='ltr'>aliqua</span> 
     </span>
     <span class='ocr_line' id='line_1_12' title="bbox 1435 1734 4158 1857; baseline 0.001 -31"><span class='ocrx_word' id='word_1_83' title='bbox 1435 1739 2071 1847; x_wconf 79' lang='lat' dir='ltr'>Constantinum</span> <span class='ocrx_word' id='word_1_84' title='bbox 2156 1745 2376 1824; x_wconf 90' lang='lat' dir='ltr'>inter</span> <span class='ocrx_word' id='word_1_85' title='bbox 2444 1739 2522 1820; x_wconf 78' lang='lat'>8&lt;</span> <span class='ocrx_word' id='word_1_86' title='bbox 2588 1734 3133 1857; x_wconf 82' lang='lat' dir='ltr'>Constantem</span> <span class='ocrx_word' id='word_1_87' title='bbox 3213 1736 3574 1823; x_wconf 83' lang='lat' dir='ltr'>fimultas</span> <span class='ocrx_word' id='word_1_88' title='bbox 3623 1801 3649 1848; x_wconf 97' lang='lat'>,</span> <span class='ocrx_word' id='word_1_89' title='bbox 3724 1772 3895 1855; x_wconf 83' lang='lat' dir='ltr'>quae</span> <span class='ocrx_word' id='word_1_90' title='bbox 3983 1774 4158 1829; x_wconf 77' lang='lat' dir='ltr'>non</span> 
     </span>
     <span class='ocr_line' id='line_1_13' title="bbox 1438 1853 4160 1973; baseline -0.005 -28"><span class='ocrx_word' id='word_1_91' title='bbox 1438 1857 1718 1945; x_wconf 84' lang='lat' dir='ltr'>multis</span> <span class='ocrx_word' id='word_1_92' title='bbox 1765 1853 1935 1973; x_wconf 85' lang='lat' dir='ltr'>post</span> <span class='ocrx_word' id='word_1_93' title='bbox 1986 1859 2219 1942; x_wconf 84' lang='lat' dir='ltr'>annis</span> <span class='ocrx_word' id='word_1_94' title='bbox 2289 1858 2375 1940; x_wconf 90' lang='lat' dir='ltr'>in</span> <span class='ocrx_word' id='word_1_95' title='bbox 2432 1882 2809 1969; x_wconf 87' lang='lat' dir='ltr'>apertum</span> <span class='ocrx_word' id='word_1_96' title='bbox 2869 1858 3142 1968; x_wconf 84' lang='lat' dir='ltr'>erupit</span> <span class='ocrx_word' id='word_1_97' title='bbox 3215 1855 3570 1964; x_wconf 86' lang='lat' dir='ltr'>bellum,</span> <span class='ocrx_word' id='word_1_98' title='bbox 3631 1860 3711 1942; x_wconf 80' lang='lat'>8&lt;</span> <span class='ocrx_word' id='word_1_99' title='bbox 3756 1860 4160 1947; x_wconf 73' lang='lat' dir='ltr'>Constan-</span> 
     </span>
     <span class='ocr_line' id='line_1_14' title="bbox 1446 1972 4160 2090; baseline 0 -26"><span class='ocrx_word' id='word_1_100' title='bbox 1446 1980 1717 2064; x_wconf 86' lang='lat' dir='ltr'>tinum</span> <span class='ocrx_word' id='word_1_101' title='bbox 1790 1972 2263 2061; x_wconf 74' lang='lat' dir='ltr'>Constantis</span> <span class='ocrx_word' id='word_1_102' title='bbox 2343 1973 2542 2058; x_wconf 83' lang='lat' dir='ltr'>fines</span> <span class='ocrx_word' id='word_1_103' title='bbox 2608 1972 3127 2059; x_wconf 78' lang='lat' dir='ltr'>inconsultius</span> <span class='ocrx_word' id='word_1_104' title='bbox 3194 1973 3647 2088; x_wconf 84' lang='lat' dir='ltr'>ingreffum·</span> <span class='ocrx_word' id='word_1_105' title='bbox 3711 1977 3944 2090; x_wconf 83' lang='lat' dir='ltr'>hujus</span> <span class='ocrx_word' id='word_1_106' title='bbox 4020 1981 4160 2065; x_wconf 90' lang='lat' dir='ltr'>du·</span> 
     </span>
     <span class='ocr_line' id='line_1_15' title="bbox 1441 2090 4165 2206; baseline 0.001 -25"><span class='ocrx_word' id='word_1_107' title='bbox 1441 2128 1567 2181; x_wconf 86' lang='lat' dir='ltr'>ces</span> <span class='ocrx_word' id='word_1_108' title='bbox 1640 2094 2053 2179; x_wconf 75' lang='lat' dir='ltr'>commifl&#39;o</span> <span class='ocrx_word' id='word_1_109' title='bbox 2137 2092 2235 2177; x_wconf 86' lang='lat' dir='ltr'>ad</span> <span class='ocrx_word' id='word_1_110' title='bbox 2315 2090 2781 2204; x_wconf 85' lang='lat' dir='ltr'>Aquilejam</span> <span class='ocrx_word' id='word_1_111' title='bbox 2864 2092 3139 2205; x_wconf 79' lang='lat' dir='ltr'>praelio</span> <span class='ocrx_word' id='word_1_112' title='bbox 3205 2093 3697 2183; x_wconf 78' lang='lat' dir='ltr'>interemere</span> <span class='ocrx_word' id='word_1_113' title='bbox 3795 2159 3825 2206; x_wconf 89' lang='lat'>,</span> <span class='ocrx_word' id='word_1_114' title='bbox 3930 2130 4165 2185; x_wconf 84' lang='lat' dir='ltr'>anno</span> 
     </span>
     <span class='ocr_line' id='line_1_16' title="bbox 1443 2208 4165 2328; baseline 0.001 -25"><span class='ocrx_word' id='word_1_115' title='bbox 1443 2218 1857 2302; x_wconf 84' lang='lat' dir='ltr'><strong>CCCXL.</strong></span> <span class='ocrx_word' id='word_1_116' title='bbox 1910 2220 2041 2297; x_wconf 91' lang='lat' dir='ltr'>Ita</span> <span class='ocrx_word' id='word_1_117' title='bbox 2081 2209 2409 2296; x_wconf 67' lang='lat' dir='ltr'>redaaa</span> <span class='ocrx_word' id='word_1_118' title='bbox 2458 2210 2555 2294; x_wconf 84' lang='lat' dir='ltr'>ad</span> <span class='ocrx_word' id='word_1_119' title='bbox 2602 2211 2796 2315; x_wconf 78' lang='lat' dir='ltr'>duos</span> <span class='ocrx_word' id='word_1_120' title='bbox 2850 2208 3243 2326; x_wconf 85' lang='lat' dir='ltr'>Augustos</span> <span class='ocrx_word' id='word_1_121' title='bbox 3278 2211 3658 2326; x_wconf 88' lang='lat' dir='ltr'>Respubl.</span> <span class='ocrx_word' id='word_1_122' title='bbox 3702 2216 4165 2328; x_wconf 74' lang='lat' dir='ltr'>Constan8‚</span> 
     </span>
     <span class='ocr_line' id='line_1_17' title="bbox 1444 2326 4166 2453; baseline 0.001 -33"><span class='ocrx_word' id='word_1_123' title='bbox 1444 2363 1698 2453; x_wconf 86' lang='lat' dir='ltr'>quum</span> <span class='ocrx_word' id='word_1_124' title='bbox 1769 2362 1915 2447; x_wconf 87' lang='lat' dir='ltr'>per</span> <span class='ocrx_word' id='word_1_125' title='bbox 1983 2332 2297 2442; x_wconf 82' lang='lat' dir='ltr'>aliquot</span> <span class='ocrx_word' id='word_1_126' title='bbox 2343 2355 2601 2413; x_wconf 83' lang='lat' dir='ltr'>annos</span> <span class='ocrx_word' id='word_1_127' title='bbox 2647 2326 2969 2412; x_wconf 55' lang='lat' dir='ltr'>anetum</span> <span class='ocrx_word' id='word_1_128' title='bbox 3030 2327 3395 2414; x_wconf 89' lang='lat' dir='ltr'>fraterna</span> <span class='ocrx_word' id='word_1_129' title='bbox 3451 2330 3652 2415; x_wconf 86' lang='lat' dir='ltr'>caede</span> <span class='ocrx_word' id='word_1_130' title='bbox 3701 2338 4166 2450; x_wconf 78' lang='lat' dir='ltr'>Imperium</span> 
     </span>
     <span class='ocr_line' id='line_1_18' title="bbox 1447 2445 4164 2568; baseline 0.001 -30"><span class='ocrx_word' id='word_1_131' title='bbox 1447 2457 1761 2540; x_wconf 86' lang='lat' dir='ltr'>strenue</span> <span class='ocrx_word' id='word_1_132' title='bbox 1814 2446 2432 2536; x_wconf 73' lang='lat' dir='ltr'>administrasset</span> <span class='ocrx_word' id='word_1_133' title='bbox 2468 2507 2495 2554; x_wconf 95' lang='lat'>,</span> <span class='ocrx_word' id='word_1_134' title='bbox 2539 2474 2729 2531; x_wconf 82' lang='lat' dir='ltr'>mox</span> <span class='ocrx_word' id='word_1_135' title='bbox 2769 2445 3156 2531; x_wconf 82' lang='lat' dir='ltr'>converso</span> <span class='ocrx_word' id='word_1_136' title='bbox 3205 2446 3305 2531; x_wconf 88' lang='lat' dir='ltr'>ad</span> <span class='ocrx_word' id='word_1_137' title='bbox 3357 2446 3661 2534; x_wconf 49' lang='lat' dir='ltr'>nimias*</span> <span class='ocrx_word' id='word_1_138' title='bbox 3702 2454 4164 2568; x_wconf 76' lang='lat' dir='ltr'>voluptates</span> 
     </span>
     <span class='ocr_line' id='line_1_19' title="bbox 1452 2565 4171 2682; baseline 0.001 -24"><span class='ocrx_word' id='word_1_139' title='bbox 1452 2573 1730 2658; x_wconf 88' lang='lat' dir='ltr'>animo</span> <span class='ocrx_word' id='word_1_140' title='bbox 1767 2631 1793 2676; x_wconf 85' lang='lat'>,</span> <span class='ocrx_word' id='word_1_141' title='bbox 1858 2569 2053 2653; x_wconf 89' lang='lat' dir='ltr'>dum</span> <span class='ocrx_word' id='word_1_142' title='bbox 2123 2566 2691 2651; x_wconf 85' lang='lat' dir='ltr'>venationibus</span> <span class='ocrx_word' id='word_1_143' title='bbox 2758 2565 3221 2679; x_wconf 62' lang='lat' dir='ltr'>indulgeret</span> <span class='ocrx_word' id='word_1_144' title='bbox 3282 2597 3330 2651; x_wconf 88' lang='lat' dir='ltr'>a</span> <span class='ocrx_word' id='word_1_145' title='bbox 3380 2571 3881 2682; x_wconf 82' lang='lat' dir='ltr'>Magnentio</span> <span class='ocrx_word' id='word_1_146' title='bbox 3945 2578 4171 2660; x_wconf 89' lang='lat' dir='ltr'>Con-</span> 
     </span>
     <span class='ocr_line' id='line_1_20' title="bbox 1457 2683 4164 2807; baseline 0 -31"><span class='ocrx_word' id='word_1_147' title='bbox 1457 2689 1789 2776; x_wconf 88' lang='lat' dir='ltr'>stantini</span> <span class='ocrx_word' id='word_1_148' title='bbox 1840 2687 2133 2801; x_wconf 83' lang='lat' dir='ltr'>Magni</span> <span class='ocrx_word' id='word_1_149' title='bbox 2184 2686 2531 2790; x_wconf 73' lang='lat' dir='ltr'>liberto,</span> <span class='ocrx_word' id='word_1_150' title='bbox 2565 2686 2849 2768; x_wconf 89' lang='lat' dir='ltr'>oborta</span> <span class='ocrx_word' id='word_1_151' title='bbox 2887 2683 3146 2769; x_wconf 90' lang='lat' dir='ltr'>subito</span> <span class='ocrx_word' id='word_1_152' title='bbox 3193 2685 3842 2798; x_wconf 87' lang='lat' dir='ltr'>conspiratione,</span> <span class='ocrx_word' id='word_1_153' title='bbox 3890 2696 4164 2807; x_wconf 88' lang='lat' dir='ltr'>Impe-</span> 
     </span>
     <span class='ocr_line' id='line_1_21' title="bbox 1461 2800 4173 2919; baseline 0.001 -25"><span class='ocrx_word' id='word_1_154' title='bbox 1461 2813 1585 2894; x_wconf 86' lang='lat' dir='ltr'>rio</span> <span class='ocrx_word' id='word_1_155' title='bbox 1647 2806 2029 2919; x_wconf 84' lang='lat' dir='ltr'>spoliatus</span> <span class='ocrx_word' id='word_1_156' title='bbox 2083 2802 2192 2887; x_wconf 87' lang='lat' dir='ltr'>est</span> <span class='ocrx_word' id='word_1_157' title='bbox 2224 2805 2522 2917; x_wconf 74' lang='lat' dir='ltr'>,Bcper</span> <span class='ocrx_word' id='word_1_158' title='bbox 2570 2800 2894 2886; x_wconf 81' lang='lat' dir='ltr'>ficarios</span> <span class='ocrx_word' id='word_1_159' title='bbox 2950 2803 3243 2888; x_wconf 87' lang='lat' dir='ltr'>occisus</span> <span class='ocrx_word' id='word_1_160' title='bbox 3292 2816 3508 2888; x_wconf 81' lang='lat' dir='ltr'>an&#39;no</span> <span class='ocrx_word' id='word_1_161' title='bbox 3535 2807 3987 2895; x_wconf 78' lang='lat' dir='ltr'>CCCL.1d</span> <span class='ocrx_word' id='word_1_162' title='bbox 4054 2842 4173 2897; x_wconf 89' lang='lat' dir='ltr'>re-</span> 
     </span>
     <span class='ocr_line' id='line_1_22' title="bbox 1459 2921 4168 3039; baseline 0.002 -28"><span class='ocrx_word' id='word_1_163' title='bbox 1459 2929 1710 3012; x_wconf 85' lang='lat' dir='ltr'>sciens</span> <span class='ocrx_word' id='word_1_164' title='bbox 1771 2921 2293 3008; x_wconf 85' lang='lat' dir='ltr'>Constantius</span> <span class='ocrx_word' id='word_1_165' title='bbox 2352 2951 2518 3006; x_wconf 90' lang='lat' dir='ltr'>non</span> <span class='ocrx_word' id='word_1_166' title='bbox 2579 2921 2771 3005; x_wconf 88' lang='lat' dir='ltr'>tulit</span> <span class='ocrx_word' id='word_1_167' title='bbox 2827 2952 3133 3008; x_wconf 84' lang='lat' dir='ltr'>novum</span> <span class='ocrx_word' id='word_1_168' title='bbox 3176 2921 3653 3032; x_wconf 88' lang='lat' dir='ltr'>hominem,</span> <span class='ocrx_word' id='word_1_169' title='bbox 3723 2955 3814 3013; x_wconf 87' lang='lat' dir='ltr'>ac</span> <span class='ocrx_word' id='word_1_170' title='bbox 3880 2954 4168 3039; x_wconf 87' lang='lat' dir='ltr'>tyran-</span> 
     </span>
     <span class='ocr_line' id='line_1_23' title="bbox 1459 3037 4166 3154; baseline 0.001 -24"><span class='ocrx_word' id='word_1_171' title='bbox 1459 3072 1662 3131; x_wconf 88' lang='lat' dir='ltr'>num</span> <span class='ocrx_word' id='word_1_172' title='bbox 1728 3041 2390 3126; x_wconf 79' lang='lat' dir='ltr'>immanissimum</span> <span class='ocrx_word' id='word_1_173' title='bbox 2442 3037 2833 3148; x_wconf 87' lang='lat' dir='ltr'>majorem</span> <span class='ocrx_word' id='word_1_174' title='bbox 2881 3102 2908 3148; x_wconf 87' lang='lat'>,</span> <span class='ocrx_word' id='word_1_175' title='bbox 2968 3070 3060 3127; x_wconf 90' lang='lat' dir='ltr'>ac</span> <span class='ocrx_word' id='word_1_176' title='bbox 3120 3040 3751 3154; x_wconf 71' lang='lat' dir='ltr'>praestantiorem</span> <span class='ocrx_word' id='word_1_177' title='bbox 3792 3050 4166 3134; x_wconf 83' lang='lat' dir='ltr'>Romani</span> 
     </span>
     <span class='ocr_line' id='line_1_24' title="bbox 1463 3158 4173 3278; baseline 0 -29"><span class='ocrx_word' id='word_1_178' title='bbox 1463 3162 1801 3275; x_wconf 88' lang='lat' dir='ltr'>Imperii</span> <span class='ocrx_word' id='word_1_179' title='bbox 1843 3184 2166 3278; x_wconf 86' lang='lat' dir='ltr'>partem</span> <span class='ocrx_word' id='word_1_180' title='bbox 2230 3190 2377 3273; x_wconf 88' lang='lat' dir='ltr'>per</span> <span class='ocrx_word' id='word_1_181' title='bbox 2422 3158 2665 3244; x_wconf 83' lang='lat' dir='ltr'>scelus</span> <span class='ocrx_word' id='word_1_182' title='bbox 2709 3184 3193 3272; x_wconf 72' lang='lat' dir='ltr'>occupatam</span> <span class='ocrx_word' id='word_1_183' title='bbox 3255 3160 3625 3245; x_wconf 90' lang='lat' dir='ltr'>obtinere</span> <span class='ocrx_word' id='word_1_184' title='bbox 3653 3193 3679 3274; x_wconf 79' lang='lat'>3</span> <span class='ocrx_word' id='word_1_185' title='bbox 3746 3192 3839 3250; x_wconf 85' lang='lat' dir='ltr'>ac</span> <span class='ocrx_word' id='word_1_186' title='bbox 3890 3166 4173 3251; x_wconf 64' lang='lat' dir='ltr'>reliRo</span> 
     </span>
     <span class='ocr_line' id='line_1_25' title="bbox 1463 3278 4174 3400; baseline 0.001 -34"><span class='ocrx_word' id='word_1_187' title='bbox 1463 3285 1783 3367; x_wconf 87' lang='lat' dir='ltr'>oriente</span> <span class='ocrx_word' id='word_1_188' title='bbox 1837 3285 1922 3362; x_wconf 89' lang='lat' dir='ltr'>in</span> <span class='ocrx_word' id='word_1_189' title='bbox 1987 3280 2575 3395; x_wconf 86' lang='lat' dir='ltr'>Magnentium</span> <span class='ocrx_word' id='word_1_190' title='bbox 2624 3280 2942 3382; x_wconf 85' lang='lat' dir='ltr'>movit,</span> <span class='ocrx_word' id='word_1_191' title='bbox 3010 3278 3288 3364; x_wconf 86' lang='lat' dir='ltr'>multis</span> <span class='ocrx_word' id='word_1_192' title='bbox 3333 3278 3546 3362; x_wconf 86' lang='lat' dir='ltr'>illius</span> <span class='ocrx_word' id='word_1_193' title='bbox 3594 3278 3899 3388; x_wconf 66' lang='lat' dir='ltr'>rejeffis</span> <span class='ocrx_word' id='word_1_194' title='bbox 3958 3284 4174 3400; x_wconf 72' lang='lat' dir='ltr'>lega-</span> 
     </span>
     <span class='ocr_line' id='line_1_26' title="bbox 1463 3394 4171 3510; baseline 0 -25"><span class='ocrx_word' id='word_1_195' title='bbox 1463 3401 1872 3505; x_wconf 81' lang='lat' dir='ltr'>tionibus,</span> <span class='ocrx_word' id='word_1_196' title='bbox 1930 3398 2008 3478; x_wconf 79' lang='grc' dir='ltr'>δε</span> <span class='ocrx_word' id='word_1_197' title='bbox 2056 3394 2653 3482; x_wconf 80' lang='lat' dir='ltr'>conditionibus</span> <span class='ocrx_word' id='word_1_198' title='bbox 2711 3397 2976 3510; x_wconf 76' lang='lat' dir='ltr'>pacis·</span> <span class='ocrx_word' id='word_1_199' title='bbox 3040 3398 3366 3480; x_wconf 88' lang='lat' dir='ltr'>Interea</span> <span class='ocrx_word' id='word_1_200' title='bbox 3411 3425 3659 3510; x_wconf 85' lang='lat' dir='ltr'>quum</span> <span class='ocrx_word' id='word_1_201' title='bbox 3732 3403 3915 3483; x_wconf 85' lang='lat' dir='ltr'>Rex</span> <span class='ocrx_word' id='word_1_202' title='bbox 3985 3406 4171 3486; x_wconf 88' lang='lat' dir='ltr'>Per-</span> 
     </span>
     <span class='ocr_line' id='line_1_27' title="bbox 1464 3511 4175 3628; baseline 0.001 -26"><span class='ocrx_word' id='word_1_203' title='bbox 1464 3520 1728 3603; x_wconf 83' lang='lat' dir='ltr'>sarum</span> <span class='ocrx_word' id='word_1_204' title='bbox 1775 3517 2037 3628; x_wconf 89' lang='lat' dir='ltr'>Sapor</span> <span class='ocrx_word' id='word_1_205' title='bbox 2079 3518 2380 3599; x_wconf 86' lang='lat' dir='ltr'>iterum</span> <span class='ocrx_word' id='word_1_206' title='bbox 2440 3516 2803 3598; x_wconf 87' lang='lat' dir='ltr'>Romani</span> <span class='ocrx_word' id='word_1_207' title='bbox 2864 3516 3203 3626; x_wconf 86' lang='lat' dir='ltr'>Imperii</span> <span class='ocrx_word' id='word_1_208' title='bbox 3243 3511 3440 3598; x_wconf 85' lang='lat' dir='ltr'>fines</span> <span class='ocrx_word' id='word_1_209' title='bbox 3488 3514 3910 3601; x_wconf 87' lang='lat' dir='ltr'>invaderet</span> <span class='ocrx_word' id='word_1_210' title='bbox 3953 3523 4175 3603; x_wconf 89' lang='lat' dir='ltr'>Con-</span> 
     </span>
     <span class='ocr_line' id='line_1_28' title="bbox 1473 3627 4176 3748; baseline 0 -27"><span class='ocrx_word' id='word_1_211' title='bbox 1473 3636 1810 3721; x_wconf 86' lang='lat' dir='ltr'>stantius</span> <span class='ocrx_word' id='word_1_212' title='bbox 1863 3628 2194 3716; x_wconf 87' lang='lat' dir='ltr'>Gallum</span> <span class='ocrx_word' id='word_1_213' title='bbox 2267 3633 2460 3748; x_wconf 89' lang='lat' dir='ltr'>Julii</span> <span class='ocrx_word' id='word_1_214' title='bbox 2528 3627 2989 3728; x_wconf 78' lang='lat' dir='ltr'>Constantii</span> <span class='ocrx_word' id='word_1_215' title='bbox 3038 3631 3316 3744; x_wconf 84' lang='lat' dir='ltr'>patrui</span> <span class='ocrx_word' id='word_1_216' title='bbox 3386 3630 3500 3717; x_wconf 86' lang='lat' dir='ltr'>sui</span> <span class='ocrx_word' id='word_1_217' title='bbox 3559 3631 3870 3742; x_wconf 87' lang='lat' dir='ltr'>filium,</span> <span class='ocrx_word' id='word_1_218' title='bbox 3920 3661 4015 3720; x_wconf 86' lang='lat' dir='ltr'>ut</span> <span class='ocrx_word' id='word_1_219' title='bbox 4063 3638 4176 3722; x_wconf 91' lang='lat' dir='ltr'>di-</span> 
     </span>
     <span class='ocr_line' id='line_1_29' title="bbox 1473 3747 4171 3859; baseline 0 -20"><span class='ocrx_word' id='word_1_220' title='bbox 1473 3757 1795 3857; x_wconf 81' lang='lat' dir='ltr'>ximus,</span> <span class='ocrx_word' id='word_1_221' title='bbox 1854 3748 2252 3835; x_wconf 85' lang='lat' dir='ltr'>Caesarem</span> <span class='ocrx_word' id='word_1_222' title='bbox 2289 3749 2491 3859; x_wconf 86' lang='lat' dir='ltr'>juffit</span> <span class='ocrx_word' id='word_1_223' title='bbox 2519 3812 2546 3857; x_wconf 94' lang='lat'>,</span> <span class='ocrx_word' id='word_1_224' title='bbox 2590 3752 2668 3833; x_wconf 73' lang='grc' dir='ltr'>δε</span> <span class='ocrx_word' id='word_1_225' title='bbox 2718 3747 2912 3832; x_wconf 90' lang='lat' dir='ltr'>belli</span> <span class='ocrx_word' id='word_1_226' title='bbox 2957 3747 3240 3833; x_wconf 85' lang='lat' dir='ltr'>Perfici</span> <span class='ocrx_word' id='word_1_227' title='bbox 3281 3778 3559 3834; x_wconf 89' lang='lat' dir='ltr'>curam</span> <span class='ocrx_word' id='word_1_228' title='bbox 3607 3751 3682 3833; x_wconf 89' lang='lat' dir='ltr'>ei</span> <span class='ocrx_word' id='word_1_229' title='bbox 3716 3753 4121 3840; x_wconf 78' lang='lat' dir='ltr'>commisit</span> <span class='ocrx_word' id='word_1_230' title='bbox 4150 3816 4171 3840; x_wconf 89' lang='lat'><strong>.</strong></span> 
     </span>
     <span class='ocr_line' id='line_1_30' title="bbox 1481 3865 4172 3986; baseline 0 -29"><span class='ocrx_word' id='word_1_231' title='bbox 1481 3870 1654 3986; x_wconf 87' lang='lat' dir='ltr'>Ipse</span> <span class='ocrx_word' id='word_1_232' title='bbox 1692 3897 1886 3952; x_wconf 87' lang='lat' dir='ltr'>vero</span> <span class='ocrx_word' id='word_1_233' title='bbox 1945 3865 2111 3980; x_wconf 88' lang='lat' dir='ltr'>post</span> <span class='ocrx_word' id='word_1_234' title='bbox 2157 3871 2479 3952; x_wconf 86' lang='lat' dir='ltr'>variam</span> <span class='ocrx_word' id='word_1_235' title='bbox 2543 3867 2733 3951; x_wconf 89' lang='lat' dir='ltr'>belli</span> <span class='ocrx_word' id='word_1_236' title='bbox 2780 3865 3589 3973; x_wconf 80' lang='lat' dir='ltr'>fortunam,collatis</span> <span class='ocrx_word' id='word_1_237' title='bbox 3654 3867 3752 3952; x_wconf 87' lang='lat' dir='ltr'>ad</span> <span class='ocrx_word' id='word_1_238' title='bbox 3801 3870 4172 3957; x_wconf 86' lang='lat' dir='ltr'>Mursam</span> 
     </span>
     <span class='ocr_line' id='line_1_31' title="bbox 1479 3983 4169 4104; baseline 0 -30"><span class='ocrx_word' id='word_1_239' title='bbox 1479 4018 1668 4074; x_wconf 86' lang='lat' dir='ltr'>cum</span> <span class='ocrx_word' id='word_1_240' title='bbox 1727 3988 2218 4102; x_wconf 82' lang='lat' dir='ltr'>Magnentio</span> <span class='ocrx_word' id='word_1_241' title='bbox 2275 3983 2564 4104; x_wconf 73' lang='lat' dir='ltr'>figniS,</span> <span class='ocrx_word' id='word_1_242' title='bbox 2626 3985 2947 4100; x_wconf 84' lang='lat' dir='ltr'>ingenti</span> <span class='ocrx_word' id='word_1_243' title='bbox 3007 3983 3276 4097; x_wconf 84' lang='lat' dir='ltr'>praelio</span> <span class='ocrx_word' id='word_1_244' title='bbox 3340 4014 3526 4069; x_wconf 87' lang='lat' dir='ltr'>eum</span> <span class='ocrx_word' id='word_1_245' title='bbox 3576 3987 3827 4072; x_wconf 82' lang='lat' dir='ltr'>vicit:</span> <span class='ocrx_word' id='word_1_246' title='bbox 3872 3987 4169 4075; x_wconf 85' lang='lat' dir='ltr'>deinde</span> 
     </span>
     <span class='ocr_line' id='line_1_32' title="bbox 1478 4101 4173 4221; baseline -0 -27"><span class='ocrx_word' id='word_1_247' title='bbox 1478 4105 1866 4221; x_wconf 79' lang='lat' dir='ltr'>superatis</span> <span class='ocrx_word' id='word_1_248' title='bbox 1936 4104 2280 4216; x_wconf 80' lang='lat' dir='ltr'>Alpibus</span> <span class='ocrx_word' id='word_1_249' title='bbox 2341 4101 2570 4218; x_wconf 86' lang='lat' dir='ltr'>Juliis</span> <span class='ocrx_word' id='word_1_250' title='bbox 2618 4103 2987 4187; x_wconf 88' lang='lat' dir='ltr'>universa</span> <span class='ocrx_word' id='word_1_251' title='bbox 3053 4102 3296 4186; x_wconf 89' lang='lat' dir='ltr'>Italia</span> <span class='ocrx_word' id='word_1_252' title='bbox 3357 4107 3712 4217; x_wconf 79' lang='lat' dir='ltr'>potitus;</span> <span class='ocrx_word' id='word_1_253' title='bbox 3772 4104 4173 4217; x_wconf 88' lang='lat' dir='ltr'>postremo</span> 
     </span>
     <span class='ocr_line' id='line_1_33' title="bbox 1463 4219 4175 4339; baseline -0 -28"><span class='ocrx_word' id='word_1_254' title='bbox 1463 4231 1738 4338; x_wconf 70' lang='lat' dir='ltr'>Alpes</span> <span class='ocrx_word' id='word_1_255' title='bbox 1782 4220 2111 4306; x_wconf 87' lang='lat' dir='ltr'>Cottias</span> <span class='ocrx_word' id='word_1_256' title='bbox 2187 4219 2701 4339; x_wconf 57' lang='lat' dir='ltr'>transgressus</span> <span class='ocrx_word' id='word_1_257' title='bbox 2760 4249 2925 4304; x_wconf 90' lang='lat' dir='ltr'>non</span> <span class='ocrx_word' id='word_1_258' title='bbox 2965 4222 3239 4334; x_wconf 88' lang='lat' dir='ltr'>longe·</span> <span class='ocrx_word' id='word_1_259' title='bbox 3277 4220 3379 4305; x_wconf 92' lang='lat' dir='ltr'>ab</span> <span class='ocrx_word' id='word_1_260' title='bbox 3430 4223 3528 4305; x_wconf 83' lang='lat' dir='ltr'>iis</span> <span class='ocrx_word' id='word_1_261' title='bbox 3563 4283 3591 4328; x_wconf 92' lang='lat'>,</span> <span class='ocrx_word' id='word_1_262' title='bbox 3654 4235 3745 4308; x_wconf 82' lang='lat' dir='ltr'>&#39;ut</span> <span class='ocrx_word' id='word_1_263' title='bbox 3805 4224 4175 4338; x_wconf 84' lang='lat' dir='ltr'>plerique</span> 
     </span>
     <span class='ocr_line' id='line_1_34' title="bbox 1479 4329 4173 4459; baseline 0.001 -32"><span class='ocrx_word' id='word_1_264' title='bbox 1479 4340 1935 4459; x_wconf 83' lang='lat' dir='ltr'>fignificant</span> <span class='ocrx_word' id='word_1_265' title='bbox 1983 4329 2422 4448; x_wconf 87' lang='lat' dir='ltr'>Historici,</span> <span class='ocrx_word' id='word_1_266' title='bbox 2470 4363 2988 4452; x_wconf 88' lang='lat' dir='ltr'>reparantem</span> <span class='ocrx_word' id='word_1_267' title='bbox 3058 4338 3358 4422; x_wconf 88' lang='lat' dir='ltr'>bellum</span> <span class='ocrx_word' id='word_1_268' title='bbox 3409 4343 4006 4457; x_wconf 84' lang='lat' dir='ltr'>Magnentium</span> <span class='ocrx_word' id='word_1_269' title='bbox 4055 4349 4173 4430; x_wconf 81' lang='lat' dir='ltr'>ita</span> 
     </span>
     <span class='ocr_line' id='line_1_35' title="bbox 1485 4454 4177 4576; baseline 0.001 -32"><span class='ocrx_word' id='word_1_270' title='bbox 1485 4461 1788 4576; x_wconf 84' lang='lat' dir='ltr'>fregit,</span> <span class='ocrx_word' id='word_1_271' title='bbox 1854 4482 1944 4540; x_wconf 89' lang='lat' dir='ltr'>ut</span> <span class='ocrx_word' id='word_1_272' title='bbox 1991 4454 2129 4541; x_wconf 90' lang='lat' dir='ltr'>ille</span> <span class='ocrx_word' id='word_1_273' title='bbox 2177 4456 2319 4541; x_wconf 85' lang='lat' dir='ltr'>fibi</span> <span class='ocrx_word' id='word_1_274' title='bbox 2365 4458 2771 4543; x_wconf 82' lang='lat' dir='ltr'>violentas</span> <span class='ocrx_word' id='word_1_275' title='bbox 2829 4486 3111 4543; x_wconf 81' lang='lat' dir='ltr'>manus</span> <span class='ocrx_word' id='word_1_276' title='bbox 3178 4455 3584 4568; x_wconf 83' lang='lat' dir='ltr'>inferens,</span> <span class='ocrx_word' id='word_1_277' title='bbox 3632 4483 3722 4540; x_wconf 87' lang='lat' dir='ltr'>ut</span> <span class='ocrx_word' id='word_1_278' title='bbox 3769 4459 4177 4570; x_wconf 79' lang='lat' dir='ltr'>diximus,</span> 
     </span>
     <span class='ocr_line' id='line_1_36' title="bbox 1486 4575 4179 4692; baseline 0.002 -32"><span class='ocrx_word' id='word_1_279' title='bbox 1486 4580 1825 4692; x_wconf 80' lang='lat' dir='ltr'>perierit</span> <span class='ocrx_word' id='word_1_280' title='bbox 1867 4603 2084 4660; x_wconf 89' lang='lat' dir='ltr'>anno</span> <span class='ocrx_word' id='word_1_281' title='bbox 2127 4580 2583 4661; x_wconf 83' lang='lat' dir='ltr'><strong>CCCLIII.</strong></span> <span class='ocrx_word' id='word_1_282' title='bbox 2621 4637 2649 4683; x_wconf 93' lang='lat'>,</span> <span class='ocrx_word' id='word_1_283' title='bbox 2707 4605 2865 4689; x_wconf 89' lang='lat' dir='ltr'>quo</span> <span class='ocrx_word' id='word_1_284' title='bbox 2927 4577 3141 4660; x_wconf 86' lang='lat' dir='ltr'>hanc</span> <span class='ocrx_word' id='word_1_285' title='bbox 3201 4575 3556 4660; x_wconf 64' lang='lat' dir='ltr'>eree‘lam</span> <span class='ocrx_word' id='word_1_286' title='bbox 3616 4575 3839 4659; x_wconf 77' lang='lat' dir='ltr'>fuisse</span> <span class='ocrx_word' id='word_1_287' title='bbox 3883 4580 4179 4664; x_wconf 89' lang='lat' dir='ltr'>colum·</span> 
     </span>
     <span class='ocr_line' id='line_1_37' title="bbox 1479 4691 4176 4813; baseline 0 -32"><span class='ocrx_word' id='word_1_288' title='bbox 1479 4713 1689 4781; x_wconf 67' lang='lat' dir='ltr'>friam</span> <span class='ocrx_word' id='word_1_289' title='bbox 1743 4692 2424 4780; x_wconf 80' lang='lat' dir='ltr'>verisimillimum</span> <span class='ocrx_word' id='word_1_290' title='bbox 2490 4691 2611 4779; x_wconf 86' lang='lat' dir='ltr'>est</span> <span class='ocrx_word' id='word_1_291' title='bbox 2647 4719 2676 4803; x_wconf 86' lang='lat'>,·</span> <span class='ocrx_word' id='word_1_292' title='bbox 2716 4723 2973 4809; x_wconf 77' lang='lat' dir='ltr'>quum</span> <span class='ocrx_word' id='word_1_293' title='bbox 3032 4718 3297 4784; x_wconf 82' lang='lat' dir='ltr'>totum</span> <span class='ocrx_word' id='word_1_294' title='bbox 3368 4698 3816 4813; x_wconf 84' lang='lat' dir='ltr'>Imperium</span> <span class='ocrx_word' id='word_1_295' title='bbox 3878 4700 4176 4786; x_wconf 75' lang='lat' dir='ltr'>Roma-</span> 
     </span>
    </p>
   </div>
   <div class='ocr_carea' id='block_1_2' title="bbox 3863 4840 4065 4904">
    <p class='ocr_par' dir='ltr' id='par_1_2' title="bbox 3863 4840 4065 4904">
     <span class='ocr_line' id='line_1_38' title="bbox 3863 4840 4065 4904; baseline 0.03 -6"><span class='ocrx_word' id='word_1_296' title='bbox 3863 4840 4065 4904; x_wconf 72' lang='lat' dir='ltr'>num</span> 
     </span>
    </p>
   </div>
   <div class='ocr_carea' id='block_1_3' title="bbox 4405 696 4416 1987">
    <p class='ocr_par' dir='ltr' id='par_1_3' title="bbox 4405 696 4416 1987">
     <span class='ocr_line' id='line_1_39' title="bbox 4405 696 4416 1987; baseline 0 0"><span class='ocrx_word' id='word_1_297' title='bbox 4405 696 4416 1987; x_wconf 95' lang='lat' dir='ltr'> </span> 
     </span>
    </p>
   </div>
   <div class='ocr_carea' id='block_1_4' title="bbox 4394 2130 4428 5845">
    <p class='ocr_par' dir='ltr' id='par_1_4' title="bbox 4394 2130 4428 5845">
     <span class='ocr_line' id='line_1_40' title="bbox 4394 2130 4428 5845; baseline 0 0"><span class='ocrx_word' id='word_1_298' title='bbox 4394 2130 4428 5845; x_wconf 95' lang='lat' dir='ltr'> </span> 
     </span>
    </p>
   </div>
  </div>
 </body>
</html>
