4484 5850
1593 432 1707 513 66

1478 573 1609 631 ros
1669 540 1989 629 variam
2049 539 2469 629 habebant
2506 536 2938 628 stationem
2968 597 2991 624 .
3039 541 3480 627 Puerorum
3526 539 3750 626 enim
3783 537 4176 626 animabus

1487 662 1960 793 separat-um
2023 664 2123 749 ab
2171 662 2633 748 adultorum
2696 661 3005 777 umbris
3062 657 3327 746 locum
3379 660 3750 747 tribuunt
3793 658 4184 771 Virgilius,

1486 784 1565 869 δε
1630 785 2085 867 Homerus.
2146 783 2232 866 Si
2270 785 2546 897 itaque
2608 807 3042 895 puerorum
3081 783 3376 866 Manes
3437 779 3827 894 peculiari
3893 773 4178 863 fuiffent

1489 897 1875 989 sacrificio
1938 901 2304 1015 piandi,
2391 900 2730 987 notandi
2792 924 3033 987 erant
3111 901 3378 1011 anni,
3468 926 3668 1014 quos
3739 899 4056 1003 vixere,
4100 915 4184 980 ut

1487 1047 1676 1108 aetas
1737 1021 2071 1134 cognita
2134 1017 2406 1105 fieret.

1609 1139 2020 1224 Nolumus
2059 1136 2238 1224 ‘hoc
2299 1140 2388 1222 in
2442 1138 2621 1225 loco
2681 1139 3094 1255 praeterire
3141 1137 3693 1255 peculiarem,
3750 1135 4192 1249 &enigma-

1494 1257 1749 1341 ticum
1807 1256 2150 1342 notandi
2212 1285 2618 1342 annorum
2684 1262 3008 1345 numeri
3072 1258 3401 1345 modum
3438 1319 3464 1365 ,
3524 1259 3665 1373 qui
3729 1256 4069 1341 habetur
4118 1253 4190 1335 in

1492 1377 2122 1488 Epigrammate
2145 1374 2537 1492 Elegiaco
2572 1405 2836 1465 metro
2867 1377 3192 1493 scripto,
3226 1407 3319 1464 ac
3345 1373 3738 1491 praemiss'o
3774 1404 3823 1459 a
3871 1372 4193 1457 maximo

1491 1494 2020 1605 antiquitatis
2097 1517 2464 1578 amatore
2547 1497 2682 1581 Cl.
2753 1499 3189 1584 Ficoronio
3276 1493 3427 1581 suae
3484 1493 3978 1581 scenicarum
4035 1515 4182 1602 per-

1490 1608 1871 1695 sonarum
1933 1609 2446 1695 colleEiioni'.
2506 1610 2698 1720 Ejus
2768 1614 2928 1698 duo
2982 1615 3256 1698 ultimi
3311 1611 3580 1696 versus
3616 1671 3645 1719 ,
3709 1611 3815 1697 de
3874 1631 4185 1726 quorum

1491 1726 1985 1814 obscuritate
2049 1727 2187 1813 ille
2253 1733 2835 1845 conqueritur,
2894 1733 3018 1818 ita
3078 1729 3406 1849 legendi
3470 1725 3706 1815 sunt.

1729 1969 1954 2088 ,Quot
1994 1987 2202 2048 meat
2260 1965 2354 2047 in
2377 1959 2645 2076 stellis
2691 1964 3037 2087 Delphin
3059 2028 3087 2074 ,
3147 1991 3330 2082 quot
3389 1960 3734 2083 Pegasus
3779 1958 3942 2052 ales
3967 2019 3999 2073 ,

1852 2086 2017 2166 Tot
2076 2113 2247 2166 mea
2305 2078 2602 2168 natales
2642 2081 2833 2196 fata
2888 2086 3162 2174 dedere
3222 2082 3417 2169 mibi
3444 2145 3469 2169 .

1616 2317 1811 2401 Vixi
1859 2317 2253 2404 nimirum
2301 2343 2428 2403 tot
2488 2304 2799 2428 annm,
2861 2346 3066 2432 quot
3130 2320 3446 2404 habent
3504 2349 3670 2403 una
3705 2316 3945 2401 simul
3983 2311 4202 2395 stellas

1495 2429 1924 2551 Delphini,
1987 2434 2060 2516 8<
2095 2431 2384 2550 Pegast
2434 2435 3171 2545 confiderationeS,
3230 2438 3360 2521 ieu
3405 2433 4070 2534 constellationeS,
4108 2428 4194 2509 ni·

1498 2555 1797 2638 mirum
1840 2580 2099 2638 annos
2130 2554 2460 2660 XXVI',
2520 2581 2690 2665 quae
2727 2551 3041 2641 summa
3080 2553 3389 2640 constat
3429 2582 3530 2639 ex
3577 2550 3824 2639 stellis
3865 2538 4183 2664 Delphini

1499 2673 1694 2873 IX,s
1727 2672 1827 2755 8(-
1863 2670 2185 2875 Pegfff’}
2202 2674 2444 2756 XVII
2479 2729 2507 2778 ,
2565 2666 2657 2758 ut
2725 2700 2828 2758 ex
2890 2673 3223 2790 Hygini
3287 2673 3621 2759 Poetico
3680 2666 4188 2757 Astronomioo

1499 2818 1648 2906 per
1684 2817 2008 2903 prcuum
2072 2820 2117 2878 e
2213 2848 2235 2872 .
3621 2877 3640 2889 ,

1618 2905 2037 2994 Addemus
2096 2911 2177 2994 8<
2235 2904 2487 2994 aliam
2537 2907 2623 2994 in
2687 2906 3153 2997 universam
3189 2909 3407 2999 hanc
3441 2905 4052 3022 inscriptionem
4089 2893 4195 2984 ob·

1499 3023 2114 3135 servationem,
2171 3054 2346 3142 quae
2406 3025 2577 3112 usui
2648 3027 2800 3115 effe
2869 3032 3178 3141 poterit
3263 3031 3353 3112 in
3429 3028 3715 3111 multis
3778 3025 3960 3112 aliis
4014 3016 4197 3128 huius

1500 3144 1820 3261 generis
1880 3144 2330 3258 lapidibus·
3411 3153 3442 3160 ‘
4021 3205 4026 3212 .

1618 3264 2042 3350 Docemur
2098 3261 2407 3351 ultimis
2468 3258 2629 3347 illis
2689 3263 2960 3347 verbis
3019 3261 3194 3347 Sibi
3277 3259 3619 3376 suisque
3664 3317 3694 3368 ,
3784 3249 4196 3366 hocxsepul-

1503 3379 1798 3467 chrum
1852 3407 1953 3464 ex
2014 3379 2175 3465 illis
2231 3377 2429 3492 effe,
2492 3407 2666 3497 quae
2700 3378 3145 3467 familiaria
3193 3407 3591 3467 vocantur
3628 3437 3657 3486 ,
3715 3406 3869 3463 nec
3934 3365 4194 3488 pueruli

1504 3492 1796 3611 Muffii
1853 3491 2053 3580 Pini
2097 3499 2371 3614 gratia
2436 3523 2764 3587 tanturn
2813 3498 3262 3585 extrustum
3294 3558 3321 3606 ,
3380 3497 3509 3583 sed
3572 3520 3664 3581 ut
3713 3497 3800 3581 in
3857 3490 4094 3608 ipsum
4134 3485 4192 3568 3⁵

1498 3619 1749 3700 Pater
1801 3614 2077 3700 Lucius
2122 3616 2458 3733 Muffius
2501 3617 2959 3726 Petronius,
3005 3620 3081 3701 8<
3124 3611 3432 3732 Muffia
3460 3609 3740 3726 Tyche
3785 3614 4088 3712 Mam,
4134 3603 4190 3685 ὅ(

1490 3735 1742 3819 -liberi
1798 3761 2080 3819 eorum
2135 3733 2680 3822 inferrentur.
2746 3739 2864 3822 At
2913 3738 3147 3851 pueri
3205 3757 3419 3819 mors
3487 3732 3963 3847 parentibus
4016 3747 4186 3810 occa·

1500 3850 1805 3937 {ionem
1870 3852 2214 3965 praebuit
2276 3851 2376 3939 de
2445 3852 2582 3940 sua
2638 3841 2998 3970 ipsorurri
3042 3916 3071 3965 ,
3110 3849 3208 3937 ’δι
3279 3851 3537 3940 totius
3593 3845 3938 3936 familiar
3993 3836 4192 3957 sepul·

1507 3992 1695 4055 tura
1746 3967 2217 4083 cogitandi.
2315 3971 2320 3974 ’
2997 3991 3008 4001 ’
3573 3999 3582 4004 ·

1617 4085 1907 4196 Pilius,
1941 4089 2240 4198 Pater,
2289 4092 2367 4176 8<
2426 4095 2714 4179 Mater
2781 4085 3070 4207 Muffii
3124 4113 3528 4180 vocantur
3574 4148 3604 4196 ,
3660 4084 3879 4203 quod
3936 4095 4189 4169 nomen

1491 4202 1847 4314 aliud,&
1888 4204 2313 4297 ‘diversum
2358 4209 2579 4297 credi
2621 4206 2866 4298 debet
2913 4242 2959 4296 a
2989 4211 3326 4321 Mariis,
3371 4207 3502 4295 seu
3553 4204 3890 4314 Mucii53
3945 4219 4190 4314 cogno·

1497 4346 1787 4410 menta
1833 4323 2148 4412 habent
2182 4326 2499 4415 diversa
2526 4329 2819 4440 Pinus,
2871 4328 3324 4439 Petronius,
3380 4321 3687 4438 Tyche.
3745 4318 3971 4410 Uxori
4010 4378 4036 4424 ,
4121 4328 4192 4393 ut

1501 4441 1680 4526 aliis
1733 4440 2186 4531 nostrorum
2246 4451 2771 4535 Marmorum
2837 4449 3309 4536 mulieribus
3367 4446 3676 4562 placuit
3747 4446 3836 4527 in
3897 4433 4187 4524 nomine

1497 4555 1998 4665 Graecifl'are,
2057 4561 2160 4647 fic
2205 4564 2352 4648 illa
2401 4563 2676 4677 Tycbe
2698 4569 2751 4652 i.
2786 4566 3450 4675 e.Fortuna,aliae
3496 4559 3983 4679 Aphrodite,
4008 4554 4192 4654 ΖΜ»

1498 4673 1881 4786 Eutocia,
1941 4678 2333 4799 Grapbis,
2390 4681 2814 4799 Chryseis,
2871 4684 3112 4798 Musa
3167 4703 4080 4884 nuncupamini-LXIV
4143 4773 4154 4778 -
