4484 5850
2798 458 2959 548 1o5

1393 639 1400 645 .
1487 556 1566 641 C
1621 559 1707 639 V
1766 560 1805 642 1
1851 559 1934 639 .1.
2045 565 2054 572 “

2682 721 2733 770 ο

603 795 782 879 Uas
844 791 1178 877 uitimas
1242 790 1808 907 inscriptiones
1861 792 2185 907 primns
2245 790 2711 875 observavit
2784 790 3085 878 Claris-

663 908 898 1012 simus
945 914 1374 997 ,Dominus
1397 916 1776 998 Tho'tnas
1817 915 2292 1017 Tmneuss,
2335 910 2888 1023 Antiquitatis
2915 972 2965 1017 „
3001 915 3079 996 8<

338 1029 606 1110 omnis
664 1029 1063 1142 politioris
1105 1033 1626 1116 Litteraturae
1680 1031 2272 1116 amantiffimus
2325 1090 2352 1135 ,
2414 1029 2554 1143 qui
2616 1027 2884 1113 doctas
2924 1030 3083 1114 .ali-

333 1172 534 1258 quot
601 1149 682 1231 in
753 1155 1180 1235 Marmora
1242 1145 1785 1235 Taur'inenfia
1821 1141 2552 1234 animadveffiones
2600 1149 2829 1231 nobis
2863 1148 3082 1233 ultro

337 1267 1033 1352 communicavit.
1095 1266 1323 1364 Idem
1377 1272 1605 1353 nobis
1653 1270 2140 1353 memoriam
2201 1266 2593 1382 praeclarae
2642 1264 3090 1381 inscriptio-

336 1385 465 1465 nis
531 1381 884 1469 servavit
931 1447 959 1493 ‚
1028 1416 1200 1500 quae
1259 1414 1448 1472 mox
1504 1390 1806 1504 periit,
1866 1410 2108 1472 erutae
2195 1385 2298 1471 ad
2376 1390 2714 1469 Portam
2786 1385 3089 1470 Palati·-

348 1529 537 1584 nam
574 1562 600 1607 ‚
650 1531 869 1587 anno
940 1500 1550 1591 MDCCX-xx.
1595 1505 1867 1620 mense
1915 1499 2374 1598 Decembri
2404 1563 2425 1586 .

463 1624 593 1704 En
647 1622 859 1706 illius
919 1627 1168 1708 verba
1229 1627 1314 1707 in
1365 1624 1573 1731 suis,
1633 1652 1832 1739 quas
1884 1623 2118 1708 nobis
2157 1620 2662 1738 gratificatus
2714 1618 3093 1729 est‚sche-

333 1739 459 1824 dis
493 1798 514 1820 .
574 1741 912 1823 Mmini
943 1739 1069 1822 ‹ibi
1091 1740 1671 1857 inst-riptiottem
1691 1745 2135 1849 inventam,
2164 1742 2250 1823 in
2268 1765 2437 1853 ‘qua
2471 1739 2791 1853 quidam
2829 1771 3085 1855 cogno·

340 1881 597 1942 mento
650 1859 1007 1972 Hyginus
1049 1858 1394 1944 :Herculi
1454 1860 1839 1977 Scyphum
1867 1858 1960 1968 :fh
1988 1859 2186 1941 dare
2208 1920 2236 1966 ‚
2294 1853 2435 1940 vel
2482 1856 2741 1942 dicare
2772 1891 2867 1941 ex
2908 1888 3088 1942 voto

328 1975 894 2094 profitebatur.
935 1982 1153 2064 Eam
1228 2010 1459 2090 quum
1513 1976 2082 2093 exscripstfflm
2124 2038 2150 2083 ‚
2245 1975 2444 2058 mibi
2488 1999 2764 2060 tamen
2822 1978 3088 2092 postea

337 2096 716 2204 evanuit,
775 2126 908 2179 nec
965 2092 1303 2211 lapidem
1366 2097 1610 2214 ipsum
1663 2096 2065 2202 invenire,
2126 2092 2318 2178 data
2368 2091 2604 2176 etiam
2645 2116 2893 2210 opera,
2952 2117 3089 2211 po-

322 2216 504 2328 stea
581 2210 809 2299 licuit
863 2274 883 2299 .
955 2221 1199 2300 Servo
1269 2240 1541 2300 -tamen
1585 2213 1863 2298 'adbuc
1932 2209 2259 2331 figulini
2343 2210 2555 2296 illius
2613 2213 2905 2329 Scyph'i
2957 2236 3085 2330 pe·

338 2334 514 2418 dem
546 2395 574 2440 ,
654 2336 737 2417 in
815 2367 959 2446 quo
1018 2367 1283 2418 nomen
1319 2329 1569 2449 figuli
1634 2333 1950 2417 habetur
2006 2339 2102 2418 L.
2188 2336 2550 2417 GELLI.
2598 2394 2623 2440 ‚
2705 2333 3092 2442 diversum

339 2477 433 2536 ut
492 2451 812 2535 memini
879 2452 992 2546 ab,
1033 2448 1249 2542 illius
1308 2456 1663 2561 nomine,
1721 2454 1856 2565 qui
1916 2451 2321 2535 dicaverat
2375 2511 2399 2534 .
2484 2451 3088 2535 Animadvertit

339 2566 778 2655 Philander
835 2573 919 2652 in
979 2573 1178 2653 notis
1238 2571 1338 2654 ad
1395 2576 1652 2690 Caput
1706 2599 1776 2682 3.
1830 2568 1967 2655 lib.
2009 2600 2083 2654 2.
2136 2571 2489 2667 Vitruvii
2546 2571 2773 2652 moris
2805 2566 3085 2689 fuiſj'e‚

342 2714 434 2773 ut
494 2686 945 2804 insigniores
985 2684 1234 2804 figuli
1294 2722 1564 2786 nomen
1614 2688 1844 2801 suum
1903 2688 2316 2796 adderent,
2381 2689 2577 2802 quod
2631 2688 2731 2773 (9*
2792 2691 2874 2770 in
2935 2695 3088 2771 Pa·

319 2802 673 2916 --latinis,
733 2804 1070 2921 aliisque
1116 2811 1617 2894 monumentis
1657 2812 1733 2891 R
1748 2840 1926 2892 omae
1953 2805 2046 2919 se
2085 2806 2540 2922 'observaffe
2585 2806 2874 2890 tradit.
2937 2808 3091 2920 Est

323 2955 604 3013 ⁴daretem
663 2926 1005 3044 Scyphus
1035 2925 1288 3039 vafis
1335 2929 1619 3043 potorii
1648 2959 1888 3043 genus
1941 2929 2041 3011 'in
2081 2927 2328 3037 sacris
2388 2922 2742 3012 Herculis
2790 2926 3092 3044 usurpa-

345 3073 546 3154 tum,
610 3070 695 3129 ut
732 3077 826 3130 ex
866 3042 1185 3160 Wrgilii
1219 3040 1411 3127 libro
1434 3048 1652 3127 VIII.
1677 3045 2055 3129 AEneidis
2098 3046 2494 3131 novimus:
2519 3046 2657 3135 Et',
2677 3045 2899 3133 sacer
2937 3050 3090 3131 im-

301 3220 316 3233 -
346 3167 605 3280 plevit
641 3165 1015 3252 dextram
1068 3164 1435 3278 Scyphns
1450 3197 1491 3274 ,·
1544 3165 1629 3247 in
1659 3193 1818 3275 quae
1857 3162 2098 3247 verba
2127 3163 2568 3247 Macrobius
2606 3169 2667 3243 S
2672 3189 2928 3246 atum.
2952 3160 3086 3249 lib.

350 3311 489 3371 21.
516 3308 678 3401 cap.
709 3313 882 3392 4.·‚,
926 3276 1643 3400 Scypbus‘Herculis
1661 3275 2015 3396 poculum
2039 3282 2200 3395 est,
2229 3282 2368 3364 -ita
2408 3306 2500 3364 ut
2526 3280 2791 3364 Liberi
2806 3283 3083 3365 ‘Patris

346 3463 405 3513 „
463 3400 891 3486 cantharus.
919 3396 1325 3487 Herculem
1353 3432 1538 3485 vero
1569 3398 1869 3515 ficiores
1889 3427 2207 3500 veteres,
2232 3424 2382 3482 non
2388 3397 2574 3513 sine
2606 3424 2745 3481 cau
2731 3399 2847 3516 ff
2829 3433 2874 3478 a
2917 3431 3088 3484 cum

307 3588 315 3595 ,
347 3583 410 3632 „
456 3517 736 3639 poculo·
744 3515 1104 3631 fecerunt
1140 3583 1165 3628 ,
1210 3519 1311 3607 Θ
1347 3550 1880 3633 nonnunquam
1933 3515 2540 3634 quaffabundum
2567 3577 2594 3626 ,
2630 3516 2731 3603 &⁸
2751 3517 3087 3625 ebrium,

345 3700 407 3752 „
453 3639 598 3752 sed
654 3641 890 3723 etiam
938 3641 1139 3753 quod
1197 3640 1523 3753 antiqua
1581 3636 1916 3752 historia.
1956 3639 2066 3749 est
2101 3633 2509 3722 Herculem
2530 3631 2847 3753 poculo,
2886 3661 3091 3725 tam·

345 3820 404 3869 „
468 3789 697 3872 quam
754 3760 1070 3874 navigio
1121 3782 1460 3842 utentem
1484 3819 1512 3865 ,
1565 3754 1930 3868 immensa
1983 3757 2229 3839 maria
2272 3744 2650 3873 transiffe
2703 3815 2724 3838 .
2768 3816 2789 3838 .
2830 3814 2853 3838 .
2915 3758 3087 3869 Ego

343 3939 406 3990 „
465 3903 725 3960 tamen
789 3876 1113 3960 arbitror
1169 3909 1318 3960 non
1358 3872 1626 3994 poculo
1649 3870 2055 3961 Herculem
2091 3875 2338 3957 maria
2381 3871 2924 3984 transvec‘lum,
2942 3871 3087 3983 sed

346 4058 406 4107 „
466 3995 837 4111 navigio,
896 3997 1030 4108 qui
1090 3994 1385 4114 Scypho
1444 4025 1713 4079 nomen
1762 3993 1980 4108 suit.

468 4116 829 4228 Scyphus
870 4117 1213 4199 Herculi
1249 4114 1559 4200 dicatus
1597 4113 1826 4198 nobis
1863 4115 1945 4196 in
2002 4115 2489 4198 memoriam
2524 4133 2857 4197 revocat
2895 4138 3084 4224 prae-

342 4234 656 4321 claram
718 4230 1373 4345 inscriptionem,
1423 4259 1703 4346 quam,
1751 4258 1998 4345 quum
2042 4243 2125 4313 in
2167 4231 2544 4314 omnibus
2583 4229 2918 4340 syllogis
2952 4227 3081 4310 de-

344 4373 776 4468 pravatam
842 4349 1332 4466 legerimu8‚
1393 4348 1729 4435 tandem
1779 4347 2141 4463 Augustae
2197 4348 2589 4431 Praetoriae
2641 4345 2912 4431 saxum
2961 4348 3082 4458 ip-

344 4469 521 4556 sum
584 4471 1050 4575 intuentes,
1097 4466 1543 4584 stribligine
1597 4465 1955 4581 quadam
2003 4493 2051 4549 a
2097 4463 2623 4580 quadratario
2670 4460 3082 4549 commifl'a

347 4587 898 4676 deformatam
946 4647 975 4695 ,
1033 4615 1402 4675 ceterum
1474 4583 1896 4673 intelleclu
1954 4582 2284 4674 facilem
2338 4578 3085 4698 deprehendimus,

348 4707 428 4792 8<
486 4707 670 4798 heic
734 4705 1114 4820 ponimus
1138 4764 1160 4795 .

581 4825 672 4909 T
674 4855 823 4914 om.
845 4824 959 4911 II.
1689 4823 1776 4910 O
2653 4822 2692 4904 1
2719 4820 2799 4903 O
2821 4821 2899 4901 V
2919 4820 2963 4901 Ι
