4484 5850
2576 548 2586 558 .
2852 498 3012 557 111

400 584 620 673 suam
684 585 1127 672 adducendi
1196 584 1458 674 secum
1521 584 1732 673 faffla
1797 585 2047 674 fuerit
2108 583 2507 703 potestas;
2553 616 2666 674 ,ea
2692 613 2971 675 tamen
3029 592 3139 676 leq

395 736 523 823 ge,
575 735 673 790 ne
719 708 942 820 prius
1006 707 1232 792 illam
1271 705 1749 821 respiceret,
1807 736 2051 824 quam
2114 706 2216 791 ad
2278 705 2597 820 superos
2625 709 3136 823 pervenisset3

389 855 800 940 quumque
864 822 1314 911 inferorum
1374 827 1983 912 dominantium
2047 827 2314 941 legem
2379 826 2785 911 incitante
2840 855 3136 915 amore,

384 941 786 1059 fregiffet,
848 944 1078 1030 illam
1122 945 1421 1030 idcirco
1470 943 1882 1031 amiserit.
1945 943 2194 1053 Cujus
2239 943 2523 1030 fabulae
2572 945 2969 1063 allegoria
2996 949 3119 1031 in-

386 1059 632 1146 serius
683 1064 1124 1176 exponitur
1189 1062 1885 1150 animadversione
1929 1068 2197 1149 XVII.
2778 1101 2783 1106 ·

820 1177 826 1184 ’
1539 1188 1614 1266 Χ
1673 1188 1709 1267 1
1771 1188 1810 1267 I
1873 1187 1939 1266 Ι.

571 1297 1048 1414 Discerptus
1111 1299 1268 1386 fui't
1349 1329 1398 1385 a
1462 1300 2053 1387 Bacchantibus
2135 1302 2398 1386 inter-2
2436 1299 2816 1387 fimulata
2874 1304 3112 1390 Libe·

372 1417 443 1500 ri
505 1419 773 1502 Patris
831 1417 1270 1531 sacrificia;
1326 1421 1519 1536 quia
1583 1420 2018 1535 Orpheus,
2082 1447 2408 1506 mortua
2442 1422 2844 1532 Eurydice
2891 1484 2918 1530 ,
2982 1427 3119 1510 ita:

366 1535 805 1620 mulierum
885 1566 1253 1623 amorem
1337 1537 1915 1652 aspernabatur
1972 1599 2001 1646 ,
2084 1565 2174 1623 ut
2245 1538 2621 1623 homines
2706 1543 2960 1626 etiarn
3048 1571 3107 1627 a

369 1652 744 1771 conjugio
803 1654 1428 1764 dehortaretur,
1485 1657 2025 1773 Apollodorus
2097 1659 2182 1741 in
2247 1657 2390 1742 lib.
2450 1656 2548 1742 de
2608 1661 2799 1744 Diis
2842 1655 2876 1741 .’
2924 1660 3103 1746 Alii

372 1795 658 1857 tamen
720 1779 1167 1887 opinantur
1227 1776 1666 1890 Orpheum
1725 1805 1771 1861 a
1814 1783 2011 1894 Jove
2073 1774 2419 1860 fulmine
2482 1777 2928 1890 percussum
2977 1778 3101 1862 in-

242 2001 246 2006 .
369 1890 717 1976 teriiss‘e.
784 1895 990 1979 Vide
1036 1898 1243 1979 Nat.
1302 1898 1790 1980 Comitem..
1841 1892 2277 1980 Pausanias
2339 1897 2424 1978 in
2487 1897 2873 1981 Boeoticis
2920 1925 3096 1980 mu·

362 2009 658 2094 lierum
723 2013 1436 2129 indignationem,
1497 2012 2013 2128 furoremque
2064 2016 2151 2096 in
2204 2014 2637 2126 Orpheum
2703 2042 2749 2098 a
2814 2041 3101 2099 cantus

358 2125 818 2238 suavitate,
875 2162 1039 2246 quo
1083 2131 1458 2216 homines
1484 2130 1746 2217 secum
1795 2132 2296 2239 abducebat,
2355 2155 2624 2215 ortam
2653 2129 2874 2216 fuiffe
2907 2131 3105 2218 scri·.

359 2247 477 2330 bit
520 2307 544 2330 .
613 2243 1078 2356 ταιδεμις-ἵοιυ
1136 2249 1477 2335 Ovidius
1525 2250 1866 2364 Orpheo
1930 2252 2217 2333 mortis
2279 2248 2624 2335 caussam
2695 2251 2815 2333 ait
2863 2247 3093 2334 exsti·

358 2365 574 2449 tisse.
642 2367 1292 2481 Metamorphos.
1337 2369 1476 2452 lib.
1521 2372 1621 2453 X.
1659 2398 1737 2451 v.
1785 2369 1924 2477 84.
1970 2368 2266 2453 Gelous
2294 2396 2491 2472 vero
2553 2369 2636 2451 in
2690 2367 3092 2452 Philadel-

355 2483 536 2597 phis
606 2513 890 2572 narrat
951 2493 1360 2572 Venerem
1426 2489 1510 2572 in
1579 2486 2006 2602 Orpheum
2055 2485 2552 2571 feminarum
2615 2488 2824 2570 iram
2903 2516 3078 2599 pro-

353 2601 661 2688 vocasse
704 2606 811 2689 ob
858 2607 1256 2719 Calliopis
1316 2604 1638 2721 Orphei
1677 2607 1972 2692 matris
2012 2606 2110 2691 de
2140 2602 2512 2689 Adoni'de
2561 2602 3089 2690 sententiam.-

351 2722 1017 2836 Agatharchides
1079 2723 1423 2834 Cnidius
1485 2726 1627 2809 lib.
1673 2729 1937 2809 XXII.
1983 2753 2257 2809 rerum
2308 2721 2875 2826 Afiaticarum*
2923 2749 3083 2809 tra·

346 2836 469 2925 dit
534 2842 978 2957 Orpheum
1027 2841 1171 2928 fibi
1235 2868 1588 2949 mortem
1650 2843 2106 2930 conscivisse
2165 2842 2271 2927 ab
2316 2840 2748 2952 Eurydicis
2794 2843 3086 2929 umbra

349 2956 735 3074 deceptus
783 2966 869 3046 in
900 2962 1227 3047 Aortho
1283 2965 1369 3047 in
1393 2960 1995 3077 Thesprotide,
2062 2964 2201 3047 ubi
2250 2959 2858 3046 vetustissimum
2894 2987 3075 3046 erat

351 3081 828 3163 animarum
877 3082 980 3166 ab
1047 3080 1338 3166 Inferis
1403 3082 2004 3166 evocandarum
2070 3080 2541 3166 oraculum.
2631 3076 2878 3162 Haud
2941 3107 3086 3164 nos

348 3184 694 3283 movent
744 3224 866 3284 tot
929 3200 1028 3285 de
1088 3225 1353 3285 morte
1420 3201 1740 3313 Orphei
1799 3201 2226 3313 opiniones
2260 3259 2287 3303 ,
2345 3225 2598 3311 quum
2651 3195 2916 3309 plures
2951 3226 3084 3280 ex·

347 3310 624 3400 stitiffe
688 3317 1064 3431 Orpheos
1128 3344 1444 3403 certum
1491 3315 1639 3425 sit,
1700 3347 2044 3431 quorum
2101 3315 2231 3401 sex
2284 3312 2647 3398 Lascaris
2697 3311 2860 3426 ipse
2885 3342 3077 3396 enu-

343 3459 617 3518 merat
663 3494 698 3519 0
770 3439 1063 3521 Varius
1125 3439 1404 3553 itaque
1464 3422 1793 3521 ilsorum
1860 3436 2247 3520 interitus
2308 3459 2456 3547 per
2502 3427 2915 3516 inscitiam
2974 3429 3079 3516 ad

341 3577 605 3637 unum
669 3552 1015 3641 refertur
1037 3614 1080 3641 .·
3060 3571 3069 3580 '

331 3700 372 3755 ,·
451 3750 454 3753 .
1530 3676 1607 3759 X
1673 3679 1712 3758 I
1771 3676 1881 3756 V.

454 3788 996 3877 Philostratus
1045 3790 1130 3876 in
1173 3791 1625 3880 PhiloRete
1668 3815 1951 3877 narrat
1984 3788 2308 3906 Orphei
2356 3810 2604 3904 caput
2649 3786 2755 3872 ab
2781 3785 3069 3874 Hebro

338 3910 423 3991 in
489 3939 723 3994 mare
780 3909 1173 4021 dejeflum
1219 3972 1247 4019 ,
1318 3915 1393 3996 8<
1464 3913 1727 3999 Lesbo
1803 3909 2224 4026 appulsum
2310 3909 2585 4022 ibique
2642 3906 3069 3991 conditum

331 4029 779 4115 vaticinari
836 4028 1372 4146 consuevisse3
1436 4031 1647 4116 unde
1695 4031 2016 4136 Lesbii,
2071 4028 2495 4140 caeterique
2559 4025 2838 4109 AEoles
2874 4083 2902 4130 ,
2946 4048 3067 4109 at·

326 4174 483 4260 que
545 4150 641 4232 iis
690 4146 1027 4234 finitimi
1087 4152 1332 4262 Jones
1395 4149 1560 4264 ipso
1628 4150 1728 4233 ad
1769 4144 2157 4232 vaticinia
2217 4145 2665 4228 utebantur
2703 4201 2725 4224 .
2798 4139 3079 4248 Hujus

324 4290 722 4377 praete-rea
770 4266 1105 4352 Oraculi
1150 4266 1514 4383 responsa
1562 4297 1609 4352 a
1637 4266 2051 4377 Babylone
2099 4263 2638 4377 petebantur.
2695 4259 2848 4342 Sed
2900 4286 3058 4369 prae

324 4386 634 4468 caeteris
657 4385 1272 4471 celeberrimum
1299 4386 1563 4503 ,quod
1609 4390 1832 4496 Cyro
1861 4385 2066 4500 Regi
2111 4381 2394 4465 datum
2435 4376 2799 4463 referunt
2830 4373 3047 4462 hisce

321 4504 593 4588 verbis
650 4500 745 4589 πὶ
797 4502 946 4617 ἐμοὶ
1001 4498 1161 4591 σοὶ.
1227 4508 1357 4589 i.e.
1408 4509 1658 4612 Mea,
1718 4535 1758 4586 ο
1822 4504 2034 4614 Cyre
2095 4502 2330 4582 Tua.
2415 4494 2658 4610 Quod
2715 4493 3052 4608 quidem

318 4621 774 4707 Oraculum
821 4650 1216 4738 tanquam
1260 4624 1358 4710 de
1396 4625 1591 4709 locis
1632 4620 1936 4707 dinstum
1990 4643 2418 4734 acceperat
2473 4620 2787 4724 Cym,
2834 4612 3049 4697 ideo·

314 4765 474 4854 que
513 4745 857 4861 Imperii
902 4744 1017 4829 sui
1062 4746 1664 4832 incrementum
1694 4804 1723 4853 ,
1780 4739 2431 4854 felicitatemque
2478 4763 2575 4820 eo
2611 4728 3043 4851 significari

2762 4878 2930 4937 cre-
