4484 5850
1473 448 1608 532 66

1363 574 1377 585 ·
1468 568 1891 647 Vocarnus
1956 589 2140 647 cum
2175 557 2476 646 Pitisco
2529 557 2905 671 cymbala
2952 620 2981 664 ‚
3045 588 3272 667 non,
3327 582 3416 643 ut
3454 559 3704 672 aliqui
3719 562 4098 667 ‚crotala

1345 677 1506 764 duo
1576 679 1925 765 rotunda
1976 741 2006 786 ‚
2087 681 2166 763 8<
2228 707 2586 762 concava
2647 677 2838 761 vasa
2893 706 3090 761 aerea
3142 739 3174 782 ,
3250 706 3426 791 quae
3481 680 3704 761 inter
3763 679 4088 792 palmas

1346 798 1747 882 tenebant
1797 858 1829 903 ‚
1886 798 1967 880 8<
2034 824 2342 911 magno
2397 794 2628 879 {imul
2687 798 3014 909 impetu
3071 794 3624 900 collidebant,
3681 796 3802 880 ita
3850 822 3938 879 ut
3969 797 4090 881 la·

1341 914 1581 999 brum
1650 914 1885 998 labro
1928 974 1961 1020 ,
2019 912 2247 997 idest
2308 913 2647 998 concavi
2712 917 2954 997 unius
3008 914 3230 997 orbis
3316 912 3784 1025 peripheria
3886 915 4092 998 alte·

1344 1034 1515 1116 rius
1574 1032 2069 1146 peripheria:
2115 1030 2630 1143 responderet
2680 1090 2710 1135 ‚
2768 1033 3354 1144 ingentemque
3435 1030 3844 1142 crepitum
3905 1031 4083 1115 ede·

1355 1175 1487 1233 ret
1536 1208 1564 1230 .
1619 1146 2197 1257 Hujuscemodi
2265 1145 2795 1231 instrumenta
2858 1151 3081 1231 inter
3137 1174 3426 1232 manus
3488 1146 4078 1231 Bacchantium

1360 1266 1629 1349 multa
1689 1293 1939 1379 penes
1996 1263 2768 1370 Montfauconium‚
2827 1262 3183 1381 aliosque
3243 1263 3518 1348 videre
3575 1261 3687 1346 est
3728 1322 3756 1343 .
3819 1263 4086 1348 Fuiffe

1356 1383 1529 1467 haec
1556 1383 1859 1477 Bacchi
1898 1385 2223 1494 propria
2249 1408 2672 1494 poetarum
2701 1381 2960 1465 etiam
3001 1409 3164 1465 non
3202 1377 3426 1465 unus'
3450 1378 3794 1464 ostendit
3818 1379 4085 1464 locus,

862 1489 1323 1626 fflvf‘g4sshfl
1358 1503 1565 1585 AEra
1609 1497 1939 1581 rotunda
1977 1500 2332 1608 Cybeles
2381 1523 2621 1583 vocat
2686 1500 3154 1611 Propertius
3236 1494 3409 1611 (a),
3489 1529 3688 1579 cava
3734 1494 4086 1606 cymbala

867 1638 957 1709 [b]
994 1606 1327 1705 Dae'sseree„
1354 1617 1837 1731 recrepantia
1877 1616 2262 1700 Catullus
2303 1611 2422 1729 (b)
2468 1675 2497 1723 ‚
2547 1615 2868 1728 gemina
2919 1645 3070 1696 aera
3157 1617 3470 1701 Statius
3510 1612 3624 1727 [c]
3675 1645 3702 1695 t
3757 1613 3852 1699 de
3915 1617 4086 1711 mis.

936 1712 1151 1776 &Alfi

873 1786 956 1851 [c]
994 1779 1327 1847 maneb.
1355 1733 1683 1820 fortaffe
1743 1731 2089 1818 Ovidiuss
2125 1729 2308 1842 [d].

877 1874 1151 1993 μῖιὲὶβ,
1182 1925 1317 1981 ιν..
1819 1904 1823 1908 ’

982 2001 1106 2065 ι83.

1602 1971 1959 2081 AEraque
1998 1965 2335 2050 tinnitus
2386 1997 2530 2052 aere
2582 1962 2888 2083 repulsit
2940 1965 3279 2053 dabant.

1471 2206 1645 2318 Q}
1706 2204 1966 2318 igitur
2018 2231 2115 2287 ea
2180 2201 2638 2316 pulsabant,
2669 2204 3016 2290 alteram
3079 2232 3180 2287 ex
3244 2200 3461 2287 hisce
3519 2205 3738 2287 aereis
3793 2206 4084 2318 cuppis

1346 2325 1549 2409 laeva
1622 2323 2027 2408 tenebant·
2077 2381 2108 2427 ‚
2190 2324 2407 2405 itaut
2488 2350 2850 2407 concava
2929 2320 3381 2436 superficies
3457 2323 3788 2406 Coelum
3869 2323 4086 2435 aspi-

1348 2465 1571 2527 ceret
1645 2500 1679 2546 ,
1764 2439 2113 2521 alteram
2196 2438 2491 2523 dextra
2574 2468 2938 2524 concava
3011 2462 3242 2552 parte
3331 2463 3641 2522 terram
3723 2437 3985 2524 versus
4037 2500 4080 2545 ‚

1349 2584 1595 2670 atque
1659 2584 1708 2639 a
1770 2552 2079 2637 finistro
2134 2555 2398 2639 latere
2456 2559 2778 2640 cervice
2845 2554 3238 2668 tantisper
3297 2555 3387 2637 in
3431 2554 3856 2640 dexteram
3896 2585 4084 2670 par-

1348 2664 1523 2759 tem
1588 2675 1849 2755 flexa-0
1902 2672 2073 2782 Qi
2120 2674 2482 2785 corporis
2524 2670 2836 2787 gestu5‚
2892 2674 2971 2756 8<
3032 2669 3366 2756 incessus
3437 2672 3855 2786 ipfiffimus
3928 2676 4076 2758 hit:

1350 2788 1513 2874 est.
1567 2788 2239 2897 Cymbalistriarn
2290 2791 2568 2900 itaque
2611 2790 2830 2872 hanc
2858 2784 3008 2872 effe
3068 2787 3500 2872 foeminam
3559 2788 3888 2905 quisque
3945 2789 4066 2874 fa·-

1344 2908 1498 2992 cile
1560 2902 1913 2991 censebit
1982 2964 2019 3011 ,
2098 2934 2579 3021 quanquam
2652 2906 3048 3018 cymbala,
3088 2906 3310 2992 inter
3367 2906 3688 3021 palmas
3744 2934 4077 3023 tempus

1349 3023 1803 3108 deleverit.

1467 3139 1763 3225 Altera
1811 3137 2180 3252 thyrsum
2228 3140 2430 3227 laeva
2479 3141 2736 3228 habet
2778 3203 2813 3251 ‚
2883 3142 3170 3229 dextra
3226 3172 3430 3229 vero
3475 3172 3649 3229 rem
3696 3143 4070 3258 aliquant

1346 3259 1727 3366 Baccho,
1783 3284 1924 3343 aut
1986 3260 2281 3344 Cereri
2338 3259 2706 3370 sacram,
2768 3284 2973 3376 puta
3030 3261 3168 3346 vel
3224 3261 3672 3370 hederam,
3723 3263 3858 3346 vel
3916 3260 4077 3346 ser-

1349 3401 1691 3491 pentem
1752 3436 1782 3484 ,
1838 3375 1973 3459 vel
2032 3405 2338 3459 uvam.
3569 3465 3576 3472 ,

1460 3495 1765 3577 Tertia
1828 3491 2198 3601 thyrsum
2258 3495 2518 3579 etiam
2565 3494 2818 3579 habet
2889 3556 2922 3602 ,
2996 3494 3264 3580 altera
3321 3525 3524 3581 vero
3579 3525 3832 3581 manu
3883 3525 4072 3611 per·

1343 3608 1623 3694 sonam
1693 3611 2230 3716 Bacchicam,
2309 3636 2397 3695 ut
2445 3615 2894 3724 opinamur
2936 3673 2970 3719 ,
3056 3614 3190 3697 vel
3246 3640 3496 3727 caput
3550 3614 3913 3700 hominis
3967 3612 4068 3696 fi·-

1343 3723 1658 3808 stitium
1711 3786 1744 3831 ‚
1797 3753 1960 3840 qua
2018 3725 2119 3809 de
2164 3755 2249 3810 re
2298 3725 2654 3840 superius
2704 3730 3058 3814 dietum.

1464 3844 1791 3953 Qarta
1850 3842 2127 3955 paullo
2183 3843 2791 3931 vehementiori
2865 3876 3029 3959 prae
3080 3850 3373 3932 ceteris
3454 3848 3730 3933 furore
3767 3845 4066 3931 discur-

1335 3959 1514 4066 rit,
1570 3959 1908 4071 pallium
1972 3962 2550 4074 tantummodo
2629 3988 2972 4076 utraque
3035 3993 3280 4048 manu
3349 3991 3640 4050 tenens
3681 4025 3716 4072 ‚
3782 3966 3862 4046 &
3921 3994 4062 4049 ca-

1342 4101 1490 4189 put
1553 4073 1977 4188 quassans,
2037 4076 2257 4187 quod
2316 4081 2738 4190 proprium
2799 4078 2945 4164 else
3007 4083 3637 4188 Bacchantium·‚
3722 4108 3899 4166 tum
3951 4108 4062 4165 ex

1342 4197 1644 4299 Poetis,
1703 4218 1881 4277 tum
1929 4221 2027 4276 ex
2075 4196 2619 4279 marmoribus
2666 4195 3087 4282 intuemur
3129 4198 3578 4311 saepiffime.

1462 4316 1750 4424 Itaque
1817 4308 1975 4393 ista:
2033 4336 2386 4424 quatuor
2462 4316 2805 4397 omnino
2860 4317 3149 4398 ceteris
3203 4345 3305 4400 ex
3363 4313 3695 4400 adverso
3723 4312 4062 4426 respon·

1347 4426 1606 4531 dent,
1664 4430 1745 4510 8<
1801 4430 2120 4541 optime
2184 4431 2308 4512 ita
2366 4430 2508 4513 sub
2566 4432 2822 4546 Regii
2873 4431 3249 4516 Athenaei
3313 4435 3755 4547 porticibus
3824 4430 4050 4515 fixere

1340 4541 1733 4628 collocata
1777 4606 1808 4652 ,
1882 4568 1977 4628 ut
2052 4543 2195 4629 fibi
2269 4549 2623 4631 invicem
2696 4547 3331 4662 respondenteS,
3397 4550 4045 4665 ingredientium

1210 4677 1217 4686 '
1336 4662 1751 4746 obtutibus
1839 4660 2114 4748 statim
2205 4667 2462 4751 obviae
2548 4663 3083 4780 respondeant
3144 4725 3180 4777 ‚
3267 4698 3432 4782 quo
3473 4667 3838 4783 prorsum
3916 4691 4047 4748 or-

3741 4783 3932 4866 dine
