4484 5850
1577 396 1703 485 ‘16

1462 510 1957 601 'furentium
1996 502 2227 596 inore
2253 517 2285 615 ζ
2343 504 2535 601 Eum
2582 504 2672 593 hi
2726 505 2971 595 Sacra
3030 500 3455 619 facerent3
3510 509 3784 627 capita
3835 507 4288 624 rotabant3

1029 640 1110 758 [g]
1164 691 1291 746 L„-
1330 683 1431 740 m,
1468 632 1680 721 unde
1748 636 2117 723 Lucanus
2160 625 2285 743 [a]

993 760 1325 821 civ-libam.
1343 766 1469 830 567.

1830 925 2816 955 ............
2877 868 3354 979 Crinemque
3416 892 3755 953 rotantes

1832 986 2258 1106 sanguinei
2297 983 2609 1105 populis
2660 981 3054 1071 ulularunt
3090 985 3356 1099 trtstia
3407 981 3672 1071 Galli.

1472 1226 1810 1315 Crebris
1860 1225 2116 1309 etiam
2166 1228 2609 1340 flagrorum
2661 1221 2946 1308 ifflbus
3018 1227 3102 1307 in
3151 1221 3224 1308 se
3285 1221 3488 1338 ipsos
3536 1220 3970 1309 crudeliter
4022 1222 4290 1311 saevie-

1478 1347 1737 1450 bant,
1798 1339 2089 1455 suaque
2139 1343 2469 1448 cultris,
2537 1343 2614 1423 8<
2669 1339 2882 1426 ferro
2940 1341 3289 1454 ancipiti
3333 1342 3665 1425 brachia
3696 1402 3723 1447 ‚
3769 1343 4288 1458 lacertosque

1478 1459 1767 1549 misere
1816 1458 2361 1568 diffecabant,
2417 1483 2558 1544 aut
2595 1482 2686 1543 ut
2723 1458 3216 1545 adstantium
3257 1461 3571 1543 animos
3627 1487 4294 1570 commoverent,

1480 1577 2037 1689 majoremque
2116 1576 2209 1660 sti
2274 1606 2406 1661 em
2482 1579 2751 1665 Matri
2817 1579 3092 1662 Deum
3193 1576 3669 1694 colligerent
3726 1636 3753 1681 ‚
3841 1602 3982 1661 aut
4088 1581 4295 1692 quia

1480 1699 1761 1785 Deum
1807 1607 2614 1811 humano'lfanguine
2667 1695 3080 1816 placatum
3113 1696 3212 1780 iri
3249 1692 3735 1811 ineptissime
3793 1695 4291 1781 credebant.

1483 1816 1621 1899 De
1670 1813 1995 1898 Mithra
2053 1841 2301 1919 vero,
2362 1818 2753 1917 Corona,
2823 1812 3336 1918 Inauribus‚2
3375 1810 3680 1897 Monili
3735 1871 3761 1917 ‚
3832 1812 4292 1923 orbiculo,

1488 1929 1947 2049 caeterisque
2016 1928 2460 2047 insignibus
2505 1990 2534 2039 ‚
2580 1931 2868 2042 quibus
2928 1928 3315 2019 Sacrificii
3360 1926 3489 2012 die
3539 1925 4062 2047 Archigallus
4117 1957 4297 2016 ute·

1010 2074 1458 2142 (bmmgssorn.
1493 2051 1734 2135 batur
1768 2108 1796 2154 ‚
1864 2040 2169 2129 multus
2215 2043 2327 2130 est
2370 2046 2768 2163 Georgius
2839 2047 3323 2130 Dominicus
3370 2043 3484 2163 (b)
3515 2106 3542 2151 ‚
3592 2044 3800 2161 apud
3848 2076 4101 2162 quem
4140 2049 4293 2133 hu·

1013 2149 1709 2285 {ffissfgffgffiss'jjusce
1778 2165 2234 2255 Sacerdotis
2283 2163 2738 2281 imaginem
2797 2163 3076 2255 videre
3146 2164 3255 2251 est
3324 2163 3764 2277 papaveris
3816 2160 4152 2275 semen,
4220 2167 4298 2249 8(

1013 2348 1090 2411 (c)
1128 2285 1688 2413 maa-:maffia
1757 2311 2082 2405 ramum
2160 2276 2759 2373 lustrationibus
2849 2278 3340 2371 destinatum
3395 2276 3532 2395 (c)
3590 2285 3952 2401 gerentis
4029 2311 4286 2371 manu

1054 2437 1114 2479 ν.
1154 2436 1281 2492 ηο,
1496 2403 1837 2491 dextera
1870 2462 1899 2510 ‚

1862 2575 2834 2602 ............
2895 2520 3018 2598 Et
3073 2548 3281 2600 ramo
3323 2512 3594 2630 filicis
3651 2509 3935 2603 olivae:

1864 2633 2426 2752 Lustravitque
2485 2632 2695 2719 viros
2727 2691 2750 2719 0

1508 2871 1847 2963 Sinistra
1913 2901 2111 2960 vero
2190 2871 2628 2961 canistrum
2712 2874 2962 2960 variis
3043 2874 3431 2960 fruffibus
3501 2875 3929 2990 oppletum
3969 2937 3997 2984 ‚
4093 2879 4317 2965 inter

1507 3021 1711 3108 quos
1775 2994 2101 3079 nucleus
2172 2995 2463 3108 pinus:
2520 2994 2828 3110 singula
2885 2992 3246 3104 profeRo
3294 2997 3564 3078 Matri
3607 2997 3889 3080 Deum
3933 2994 4315 3106 donaria,

1512 3135 1798 3226 utpote
1860 3109 2186 3226 frugum
2236 3113 2607 3196 omnium
2664 3113 3038 3225 parenti.

1258 3313 1271 3328 ‚
1633 3226 1788 3311 Sed
1832 3256 2003 3341 quae
2056 3226 2395 3313 viffima
2450 3221 2956 3314 caedebatur?
3004 3229 3311 3314 ovidio
3367 3227 3560 3314 teste
3595 3224 3716 3344 (d)
3749 3229 4091 3340 juvenca
4129 3237 4319 3318 Ma·

1037 3314 1470 3459 ‘fflssf'ssg‘ss‘
1521 3348 1627 3431 tri
1664 3348 1945 3430 Deum
1990 3349 2356 3430 Romam
2393 3345 2869 3431 advenienti
2902 3348 3334 3432 immolata
3390 3346 3592 3459 fuit;
3640 3347 4060 3463 postquam
4085 3353 4320 3434 enim

1515 3495 1566 3552 a
1649 3462 2002 3547 Claudia
2061 3460 2363 3548 Vestali
2419 3467 2794 3548 Maxima
2865 3466 3152 3549 navim
3203 3525 3230 3570 ‚
3319 3494 3502 3549 cum
3578 3468 3773 3550 Deae
3838 3464 4329 3570 simulacro,

1524 3579 2042 3668 immobilem
2091 3580 2189 3663 ad
2257 3578 2633 3663 limosum
2691 3580 2989 3666 vadum
3046 3580 3492 3668 haerentem
3552 3582 3773 3666 nullo
3827 3610 4184 3692 conatu,
4227 3609 4324 3670 ut

1529 3697 2025 3904 pudicitiam
2092 3694 2318 3785 suam
2383 3698 2772 3816 probaret
2821 3758 2852 3812 ‚
2923 3696 3268 3786 trastarn
3332 3699 3554 3785 fuiffe
3623 3705 3881 3785 Poeta
3961 3702 4264 3788 retulit
4303 3760 4335 3812 ,

1594 3844 1697 3902 aec
1741 3839 1968 3900 cani-t
1995 3875 2018 3899 .

2003 3939 2229 4017 Ante
2279 3958 2635 4017 coronata
2663 3937 2912 4053 puppi
2938 3935 3126 4050 fine
3173 3931 3342 4021 labe
3367 3936 3774 4037 juvencam

2285 4053 2580 4140 Clarum
2621 4077 2924 4178 operum
2958 4116 2986 4163 ,
3047 4055 3515 4175 conjugiique
3574 4053 3879 4140 rudem.

1058 4290 1530 4431 ίῇζξῡῇᾔεέξ·
1554 4295 1652 4375 In
1674 4289 1892 4402 cujus
1947 4290 2285 4406 quidem
2347 4289 2737 4376 Sacrificii
2806 4295 3290 4378 memoriam
3382 4290 3612 4377 bovis
3663 4316 3911 4406 caput
3949 4291 4347 4380 excusum

1091 4401 1216 4508 μὶ.
1252 4403 1352 4505 792
1478 4409 1494 4427 ’
1549 4408 1660 4494 est
1718 4413 1804 4493 in
1875 4435 2213 4494 nummo
2263 4403 2374 4523 (e)
2425 4409 2825 4523 Scipionis
2887 4410 3199 4497 Naficae
3230 4471 3259 4518 ‚
3303 4413 3440 4524 qui
3520 4413 3770 4496 totius
3814 4415 4101 4495 Romae
4152 4442 4361 4497 con-

1534 4527 1756 4612 sensu
1816 4531 2173 4643 optimus
2224 4526 2615 4638 judicatus
2658 4527 2821 4636 est,
2888 4554 2980 4613 ut
3053 4532 3529 4614 venientem
3602 4534 3980 4615 Matrem
4032 4528 4355 4616 Idaeam

1541 4647 1994 4764 exciperem
2045 4646 2197 4742 Sed
2258 4646 2456 4733 illud
2513 4676 2832 4766 quoque
2887 4670 3120 4736 extra
3156 4650 3425 4736 omnis
3467 4649 4002 4737 dubitationis
4063 4649 4359 4850 alfiani

4106 4795 4150 4853 e
