4484 5850
1201 258 1260 306 ρ

418 531 621 640 tiffe
688 538 934 677 apud
1014 539 1404 681 populos
1508 529 2048 648 ad'Bellica.
2116 547 2424 684 potius
2495 555 2529 669 3
2630 577 2919 686 quam
3018 553 3141 654 ad

419 715 780 782 amaena
881 680 1182 784 studia
1277 718 1386 784 ut
1445 686 1980 820 plurimum
2077 689 2572 790 conversos
2633 764 2660 808 ,
2730 723 3145 824 quotum

414 818 837 943 incuria,
905 859 1208 958 quum
1261 827 1573 925 multa
1627 827 2140 962 perdiderit
2181 906 2206 947 ,
2279 829 2724 930 credibile
2782 833 3145 931 nonest

408 959 724 1059 ullum
769 996 1193 1098 unquam
1244 963 1554 1066 fuisse·
1597 968 1849 1102 apud
1904 1004 2076 1069 nos
2134 967 2368 1068 adeo
2454 973 2901 1106 ineptum
2970 1008 3137 1070 an-

410 1101 870 1233 tiquitatis
947 1138 1477 1206 amatorem
1518 1181 1547 1223 ,
1618 1111 1784 1241 qui
1829 1108 2299 1209 inutiliter
2364 1109 2956 1210 adlaboraret
3025 1111 3139 1210 in

404 1272 508 1338 re
562 1240 966 1343 fucanda
1034 1322 1061 1364 ,
1177 1281 1378 1384 quae
1475 1246 1844 1348 etiamfi
1909 1251 2329 1389 genuina
2383 1326 2411 1370 ,
2523 1243 2752 1351 floci
2817 1281 3145 1352 tamen

409 1377 681 1481 fieret
722 1457 744 1481 .
1543 1467 1554 1478 .
1731 1389 1750 1400 ’
2570 1439 2581 1448 -

549 1526 770 1654 Jam
798 1557 1026 1623 vero
1085 1523 1436 1662 lapides
1511 1562 1849 1633 omnes
1903 1552 1937 1651 3
2009 1562 2176 1632 aut
2239 1531 2681 1634 caelatum
2746 1525 3137 1663 aliquod

420 1693 650 1795 opus
680 1666 1349 1766 tantummodo
1376 1671 1832 1773 exhibent
1872 1710 1900 1794 3
1953 1707 2121 1771 aut
2150 1663 2397 1776 nihil
2436 1670 2696 1771 aliud
2744 1668 3138 1787 habent,

409 1833 740 1936 praeter
807 1802 1040 1904 solas
1109 1807 1745 1945 inscriptionis
1817 1811 2124 1912 literas
2202 1890 2234 1930 ,
2340 1844 2503 1912 aut
2589 1845 2801 1910 rem
2884 1811 3141 1908 caela-¹

414 1974 616 2039 tam
658 2020 685 2059 ,
770 1942 1662 2082 &inscriptionem
1721 1952 2003 2052 fimul
2075 1951 2499 2087 aliquam
2577 1950 3125 2049 continent.

414 2083 1024 2184 Cuicuimodi
1073 2119 1401 2190 tamen
1467 2089 1582 2188 fit
1629 2091 1861 2227 lapis
1913 2167 1942 2208 ,
2056 2091 2362 2226 potest
2439 2122 2653 2189 rem
2715 2087 3135 2221 qualem-

407 2255 773 2358 cunque
820 2299 845 2341 ,
915 2261 1114 2360 quae
1168 2229 1274 2327 in
1325 2230 1730 2330 auctoris
1781 2262 2216 2331 mentem
2262 2231 2656 2330 venerit
2719 2298 2748 2342 ‚
2818 2259 2978 2323 aut
3020 2225 3131 2322 li·

415 2364 634 2461 teris
679 2440 708 2482 ,
776 2399 939 2467 aut
989 2367 1590 2504 anaglyptico
1653 2404 1935 2506 opere
1991 2365 2352 2470 referre
2407 2445 2428 2468 .
2536 2371 2713 2469 Fas
2774 2366 3037 2466 enim
3098 2390 3132 2484 ‚¹

406 2502 534 2603 &
611 2505 1172 2605 consuetum
1229 2508 1364 2607 est
1425 2508 1977 2611 hominibus
2032 2510 2198 2609 sua
2269 2507 2669 2643 cogitata
2730 2538 3128 2637 quocun·

416 2677 596 2777 que
663 2641 929 2781 signo
985 2648 1526 2782 exprimere
1572 2728 1600 2768 ‚
1663 2681 1831 2750 aut
1900 2650 2395 2749 elementis
2446 2633 2884 2744 videlicet
2922 2644 3141 2743 lite-2

411 2816 734 2883 rarum
779 2863 805 2903 ,
903 2821 1064 2884 aut
1139 2786 1599 2920 symbolis
1663 2827 1710 2905 ·,
1832 2818 1995 2885 aut
2083 2782 2863 2921 hieroglyphicim
2888 2857 2913 2898 ‚
3012 2815 3135 2881 ut.

415 2929 844 3060 AEgyptii
890 2926 1503 3028 consuevere·
1580 2925 2074 3064 Quidquid
2139 2957 2462 3026 autem
2488 2924 2621 3025 ad
2644 2957 2814 3025 nos
2869 2920 3127 3022 hisce

415 3061 868 3199 lapidibus
933 3069 1572 3169 transmittere
1651 3065 2165 3165 voluerunt
2253 3065 2695 3198 antiqui,
2766 3094 2930 3162 aut
2998 3062 3123 3163 ad

415 3206 1036 3340 Religionem
1102 3278 1128 3325 ,
1196 3240 1359 3306 aut
1400 3207 1520 3305 ad
1559 3204 2313 3339 Rempublicam
2360 3281 2386 3321 ,
2461 3200 2781 3302 autad
2822 3200 3143 3331 priva·-

414 3348 736 3447 torum
774 3346 1074 3445 studia
1133 3348 1541 3481 pertinet
1597 3426 1619 3447 .
1732 3344 1895 3444 Ad
1941 3342 2558 3475 Religionem
2602 3416 2628 3456 ,
2700 3343 3127 3479 ut'Deo-

413 3516 636 3585 rum
699 3485 1017 3586 statuae
1059 3563 1083 3603 ‚
1156 3484 1635 3589 Sacrificia
1689 3551 1717 3596 ‚
1789 3482 2326 3588 Sacerdotes
2380 3521 2405 3581 ι
2498 3479 2661 3581 Ad
2705 3481 3135 3611 Rempu-;

414 3622 766 3724 blicam
809 3703 836 3745 ,
905 3660 1010 3725 ut
1041 3625 1524 3745 Theatra,
1592 3627 1994 3742 Statum,
2066 3620 2360 3723 AEdes
2399 3620 2791 3755 publicae
2828 3695 2856 3737 ,
2914 3619 3125 3737 viae,

416 3763 814 3865 honores
867 3767 1168 3869 habiti
1238 3767 1962 3902 Imperatoribus
2018 3839 2045 3881 ,
2108 3760 2865 3898 Magistratibus,
2933 3757 3123 3859 cla·

417 3904 724 4039 risque
767 3909 1022 4010 Viris
1072 3944 1093 4003 :
1172 3895 1328 4004 Ad
1367 3906 1963 4042 privatorum
2003 3906 2393 4040 negotia
2433 3900 2861 4035 sepulcra
2897 3928 3147 4029 prae·.·

418 4041 746 4144 sertim
784 4048 1256 4182 pertinent
1291 4123 1317 4163 ,
1388 4081 1584 4180 quae
1609 4047 2021 4180 plurima
2052 4060 2650 4156 occurrunt‘·,
2721 4037 2839 4137 ὂζ
2878 4036 3123 4139 mul-

420 4184 756 4316 tiplicis
809 4185 1380 4285 conditionis
1437 4186 1956 4286 hominum
2023 4182 2331 4279 varios
2396 4182 2644 4277 inter
2721 4175 2817 4279 se
2890 4175 3124 4293 affe-

419 4325 624 4422 ‹stus
677 4325 1092 4427 babent.
1171 4329 1414 4465 Qae
1498 4328 1823 4425 omnia
1883 4356 2082 4422 non
2136 4312 2519 4456 poffunt
2585 4315 3128 4417 clariotior-

421 4463 647 4571 dine
736 4466 1248 4585 collocari3
1317 4501 1598 4601 quam
1665 4502 1779 4568 eo
1821 4540 1845 4585 ,
1918 4463 2077 4597 qui
2163 4497 2222 4561 a
2297 4461 2723 4559 Grutero
2816 4455 3149 4588 primo.

417 4603 1156 4744 inscriptionum
1200 4608 1711 4715 collectore
1764 4678 1804 4725 ‚-
1859 4602 2005 4706 δί
2037 4592 3151 4841 αδοωηίὸῃεάεἰῃῗξρι

1603 4781 1659 4846 a
1739 4787 1783 4877 5
2876 4767 2935 4867 e,
