4484 5850
1535 482 1542 489 .
2710 397 2874 504 189

1510 518 1585 600 X
1643 520 1748 598 V.

269 753 983 879 TIBERIO.
1023 676 1852 873 CLAUDIQ
1882 752 2410 933 DRUsl
2437 838 2465 869 .
2496 752 2982 875 FILIO.

953 1026 1630 1197 Infiriptum
1713 1038 2244 1155 Marmor
2285 1120 2316 1152 .

527 1340 783 1446 BOS,
845 1368 1058 1453 quov-
1087 1340 1464 1424 Taurina
1512 1343 1732 1424 Gens
1780 1339 2234 1453 antiquitus
2280 1339 2647 1446 colebat,
2680 1367 2978 1424 eorun-

580 1457 927 1568 demque
996 1460 1236 1546 Sacra
1307 1455 1470 1565 jam
1541 1457 1847 1572 partim
1920 1457 2451 1571 cognovimus
2500 1518 2529 1565 ,
2593 1459 2671 1541 8<
2737 1485 2979 1569 expo·

567 1571 863 1657 suimus
913 1633 936 1656 .
999 1574 1322 1687 Orphei
1386 1573 1895 1689 postmodum
1962 1572 2272 1690 insigne
2320 1575 2976 1689 Anaglyphurn‚

247 1691 323 1772 δε
372 1716 542 1775 non
580 1691 909 1805 vulgare
957 1695 1216 1775 Poetae
1259 1692 1710 1777 Menandri
1756 1693 2057 1777 Saxum
2078 1752 2116 1800 ‚,
2171 1694 2299 1777 cui
2353 1692 2610 1778 Graeci
2652 1718 2976 1806 quoque

246 1810 900 1923 Epigrammatis
959 1806 1517 1925 fragmentum
1578 1800 2057 1919 adjecimuS,
2118 1835 2398 1895 utcum
2463 1840 2561 1894 ue
2636 1805 2976 1893 illustra-

245 1929 563 2009 vimus·
625 1929 873 2011 Nunc
928 1954 1078 2034 ea,
1136 1956 1309 2040 quae
1374 1930 1459 2011 in
1503 1930 1768 2043 Regio
1838 1926 2244 2012 Athenaeo
2302 1840 2615 2013 exstant
2661 1926 2760 2012 de
2809 1928 2975 2010 Ro·

243 2045 519 2127 manis
566 2044 1201 2157 Imperatoribus
1274 2042 1570 2157 scripta
1640 2072 2053 2128 marmora
2112 2045 2641 2158 interpretari
2708 2045 2971 2159 pergi-

243 2190 457 2245 mus·
530 2159 774 2274 Quod
820 2163 1090 2276 primo
1152 2161 1329 2245 loco
1373 2161 1659 2245 damus
1713 2161 2053 2246 Tiberio
2125 2162 2473 2245 Claudio
2516 2162 2967 2245 uncialibus

245 2277 499 2362 literis
550 2277 1029 2391 inscriptum
1099 2274 1206 2361 est
1253 2308 1278 2389 3
1339 2275 1469 2361 sed
1526 2279 1913 2373 mutilum
1982 2276 2184 2361 adeo
2253 2274 2809 2391 frastumque,
2872 2302 2967 2362 ut

244 2395 617 2480 divinare
683 2394 1257 2480 difficillimum
1302 2397 1695 2503 omnino,
1741 2396 1819 2476 8<
1866 2395 2080 2479 ultra
2143 2392 2367 2508 spem
2437 2424 2635 2509 opus
2691 2394 2788 2480 fit
2834 2394 2964 2479 de·

247 2537 519 2629 tegere
569 2571 596 2618 ‚
657 2538 704 2596 a
761 2514 1050 2624 quibus
1097 2571 1124 2619 ,
1191 2512 1268 2594 8<
1322 2542 1481 2646 qua
1533 2513 1632 2598 de
1713 2511 1969 2597 caussa
2042 2510 2305 2597 fuerit·
2363 2512 2552 2597 huic
2601 2519 2964 2628 Impera'-

246 2634 397 2714 tori
465 2629 940 2715 dedicatum
980 2690 1002 2712 .
1062 2631 1146 2715 Si
1193 2630 1655 2742 conyesturae
1732 2629 1950 2715 locus
1992 2627 2099 2714 est
2132 2691 2163 2738 ,
2219 2660 2265 2715 e
2312 2632 2744 2716 marmoris
2788 2660 2960 2716 ma-

241 2747 669 2862 gnitudine
710 2808 741 2855 ‚
800 2746 1367 2863 linearumque
1441 2748 1910 2864 elegantia,
1964 2747 2043 2829 8<
2086 2746 2487 2863 quadrata
2530 2746 2795 2832 forma
2842 2750 2961 2833 vi-

241 2864 468 2952 detur
531 2863 962 2979 ‘praetuliffe
1011 2864 1498 2953 memoriam
1549 2864 1878 2976 alicujus
1927 2866 2230 2980 publici
2285 2865 2592 2952 aedificii
2635 2925 2663 2976 ‚
2753 2890 2955 2980 puta

241 2982 857 3090 Thermarum,
898 2984 1294 3098 Templi,
1339 2986 1469 3070 vel
1524 2985 1928 3092 Theatri‚
1965 3010 2138 3076 ,aut
2198 2984 2481 3072 Balnei
2532 3044 2565 3092 ,
2623 3011 2783 3100 quo
2829 3013 2955 3069 or·

239 3127 426 3185 nata
455 3161 480 3208 ,
529 3101 918 3217 au&aque
968 3099 1212 3187 suerit
1258 3131 1305 3187 a
1355 3101 1900 3188 liberalissimo
1959 3103 2340 3216 Principe
2385 3103 2958 3187 Taurinorum-

240 3215 649 3333 Augusta.
707 3221 791 3302 Si
842 3246 965 3302 res
1026 3217 1144 3302 ita
1200 3217 1276 3304 se
1343 3218 1597 3304 habet
1643 3279 1670 3327 ‚
1731 3246 1930 3302 vero
1996 3217 2254 3300 fimile
2322 3220 2577 3302 etiarn
2624 3218 2950 3305 videtur

237 3333 615 3420 consensu
676 3335 1085 3450 Ordinum
1132 3396 1160 3443 ,
1222 3363 1469 3450 atque
1516 3340 1886 3421 Decreto
1939 3336 2552 3440 Decurionum,
2597 3335 2812 3448 quod
2857 3337 2946 3418 in

235 3453 601 3554 Coloniis
668 3450 1344 3538 Senatusconsulti
1427 3449 1872 3568 imaginem
1919 3509 1946 3556 ,
2026 3452 2104 3533 8<
2190 3448 2759 3535 anaoritatem
2825 3480 2944 3536 re·

239 3567 607 3678 serebat,
668 3574 965 3655 Saxum
1007 3566 1178 3654 hoc⁴
1208 3572 1552 3654 Tiberio
1599 3568 1949 3686 Claudio
1995 3563 2394 3680 sculptum
2444 3568 2943 3683 politumque

233 3684 516 3795 fuisse,
576 3712 676 3770 ut
725 3681 1208 3801 lingularem
1290 3715 1584 3801 nempe
1655 3685 2184 3799 Imperatoris
2270 3684 2942 3798 beneficentiam,

230 3802 306 3885 &
353 3807 581 3920 grati
628 3806 884 3890 animi
946 3803 1528 3890 testimonium·
1567 3805 1883 3918 publico
1931 3802 2085 3888 hoc
2122 3829 2659 3890 monumento
2700 3803 2939 3922 signi-

229 3918 564 4006 ficarent
611 3981 634 4004 .
699 3927 880 4037 Jam
930 3923 1131 4006 certi
1169 3920 1430 4005 sumus
1474 3923 2035 4012 Taurinorum
2069 3920 2507 4037 Augustam
2556 3949 2716 4008 non
2767 3954 2933 4008 mo-

227 4037 324 4121 do
370 4042 652 4153 magni
710 4036 1025 4152 semper
1071 4067 1118 4122 a
1165 4041 1561 4150 Romanis
1605 4039 2247 4153 Imperatoribus
2314 4040 2688 4125 habitam
2717 4103 2745 4150 ,
2788 4041 2929 4127 sed

226 4157 544 4271 ingenti
627 4156 885 4240 etiam
960 4154 1534 4240 beneficiorum
1605 4159 1848 4270 copia
1905 4157 2413 4242 cumulatam
2474 4156 2697 4243 fuisse
2751 4220 2774 4242 .
2834 4160 2925 4243 Id

224 4277 441 4356 enim
513 4270 703 4356 satis
747 4271 1142 4386 superque
1187 4271 1579 4360 testantur
1651 4274 1759 4377 ii,
1820 4274 1958 4388 qui
2017 4300 2141 4357 res
2194 4278 2612 4358 Romanas
2658 4275 2924 4388 priscae

225 4389 431 4475 illius
487 4391 742 4474 aetatis
790 4389 1217 4503 scripsere,
1280 4416 1456 4475 tum
1521 4387 1903 4502 plurimi,
1946 4389 2084 4500 qui
2133 4382 2498 4473 {rariis'in
2547 4392 2740 4476 Iocis
2784 4392 2930 4476 dif-

221 4505 414 4618 perfi
473 4505 859 4618 superant
909 4507 1216 4621 lapides
1247 4570 1272 4614 ‚
1324 4509 1401 4589 8(
1444 4533 1643 4620 quos
1701 4508 1784 4590 in
1844 4534 2094 4589 unum
2141 4506 2510 4592 colleStos
2540 4570 2564 4614 ,
2600 4511 2677 4594 &
2735 4541 2951 4595 com·

219 4650 404 4708 men
420 4625 654 4710 tariis
697 4621 1152 4712 illustratos·
1179 4624 1481 4741 publici
1506 4649 1821 4740 quoque
1872 4620 2064 4735 juris
2098 4621 2361 4711 facere
2402 4629 2631 4712 nobis
2668 4632 2947 4717 animo

2652 4777 2833 4863 pro·
