4484 5850
1370 547 1539 629 ret,
1594 525 1674 606 δε
1721 513 2049 609 fortass‘e
2100 551 2261 608 una
2308 550 2491 610 cum
2535 518 2814 605 iisdem
2860 517 3144 604 eodem
3192 515 3358 603 un'o
3402 519 3489 604 i'n
3536 520 3715 607 loco
3751 523 4099 636 positum

1370 638 1573 724 olim
1613 637 1883 745 fuisse,
1943 640 2079 724 vel
2118 640 2215 723 ad
2242 637 2845 755 significandam
2872 636 3454 745 Dionysiorum
3495 640 4100 752 celebritatem,

1371 757 1507 839 vel
1550 756 1655 840 ad
1705 756 2275 841 celebrandum
2324 756 2485 839 viri
2542 754 2871 865 alicujus
2938 782 3237 839 nomen
3270 813 3300 861 ‚
3358 757 3503 868 qui
3545 755 3774 842 illam
3837 759 4099 871 ipsam

1367 898 1514 956 aut
1561 872 2106 958 introduxerit
2148 937 2180 982 ‚
2237 900 2381 959 aut
2431 870 2952 957 instaurarit.

1245 989 1254 998 ’
1481 995 1651 1074 Res
1688 989 1851 1098 jam
1903 994 1991 1073 in
2034 1019 2445 1075 marmore
2506 988 2856 1103 sculptas
2908 988 3331 1073 videamus
3383 987 3915 1103 singillatim.
3969 995 4093 1077 At

1358 1135 1456 1190 ea
1502 1111 1786 1191 omnia
1839 1104 2012 1191 fere
2064 1106 2519 1220 persecutus
2549 1104 2661 1191 est
2720 1107 3290 1191 eruditissimus
3343 1108 3734 1196 Marchio
3797 1108 4091 1192 Maffei

1360 1224 1448 1306 in
1496 1221 1636 1307 sua
1687 1224 1795 1308 ad
1851 1226 2260 1309 Becellum
2306 1223 2646 1338 epistola
2717 1223 2817 1307 ad
2856 1224 3160 1307 calcem
3217 1224 3583 1307 Theatri
3621 1224 3891 1307 Italici
3949 1255 4095 1309 ex·

1360 1338 1596 1424 cusa.
1651 1341 1880 1454 Illius
1928 1345 2267 1455 optimis
2319 1339 3148 1426 animadversionibus
3186 1365 3565 1446 utemur,
3607 1369 3864 1452 pauca
3911 1366 4092 1426 tan·

1361 1480 1541 1540 tum
1587 1458 2026 1566 addenteS,
2084 1487 2260 1573 quae
2305 1460 2448 1543 ille
2497 1488 2666 1543 non
2708 1457 2905 1542 data
2952 1485 3263 1570 opera,
3316 1456 3445 1540 sed
3493 1455 3781 1542 curfim
3835 1462 4099 1541 attin·

1357 1600 1566 1686 gens
1605 1573 1706 1658 ad
1752 1604 2106 1689 unguem
2157 1575 2525 1691 persequi
2573 1573 2893 1660 omisit.
2944 1580 3165 1658 Tres
3229 1575 3365 1658 hic
3418 1576 3778 1687 primurn
3826 1573 4090 1686 perso·

1357 1718 1559 1795 nas,
1615 1690 1753 1775 seu
1794 1694 2067 1788 larvas
2108 1696 2585 1800 inmeritus,
2635 1692 2742 1775 de
2778 1693 3075 1806 quibus
3117 1692 3285 1774 tria
3333 1689 3836 1803 pervidenda
3861 1689 4084 1804 sunt;

1356 1806 1801 1914 strustura,
1853 1809 2086 1916 usus,
2135 1810 2220 1890 8<
2265 1809 2691 1895 discrimen
2729 1867 2759 1890 .
2811 1806 3229 1893 Strustura
3276 1806 3797 1921 personarum
3860 1810 4080 1922 apud

1360 1927 1746 2038 antiquos
1786 1954 2444 2041 quarumcunque
2501 1923 2949 2036 hujusmodi
2995 1924 3207 2030 fuit,
3260 1948 3354 2007 ut
3399 1952 3565 2007 non
3612 1922 3909 2008 faciem
3972 1924 4091 2009 so·

1359 2043 1532 2124 lum
1581 2067 2010 2156 tegerent,
2063 2042 2287 2127 sicuti
2343 2043 2587 2129 larva:
2637 2040 2924 2126 nostris
2990 2045 3079 2125 in
3130 2041 3770 2125 Bacchanalibus
3822 2040 4073 2125 hodie

1358 2156 1802 2272 usurpatae,
1856 2159 1984 2243 sed
2031 2159 2379 2273 sinciput
2420 2161 2708 2267 simul,
2760 2159 3193 2271 &occiput
3244 2161 3715 2271 operirent,
3778 2156 4081 2242 additis

1251 2270 1259 2277 ’
1360 2277 1741 2359 auriculis
1779 2338 1811 2383 ,
1863 2278 1947 2358 8(
1989 2276 2301 2362 caesarie
2342 2339 2378 2383 ‚
2453 2276 2899 2391 vittisque,
2957 2277 3042 2357 8<
3093 2273 3324 2359 sertis
3369 2272 3724 2387 persona:
3769 2304 4066 2359 conve-

1359 2395 1828 2499 mentibus,
1882 2395 2006 2478 ita
2039 2420 2129 2479 ut
2170 2422 2507 2479 omnem
2563 2423 2725 2478 una
2775 2393 3009 2476 simul
3054 2395 3347 2506 capitis
3386 2417 3776 2488 ornatum
3839 2390 4071 2474 fabu-

1357 2512 1626 2594 larum
1663 2511 2005 2614 ARores
2046 2512 2533 2614 induerent,
2591 2540 2693 2594 ne
2738 2506 2881 2593 diu
2918 2509 3109 2594 effet
3154 2515 3241 2592 in
3289 2507 3459 2621 ipso
3480 2507 3879 2593 comendo·
3919 2511 4076 2592 im·-

1358 2628 1900 2721 morandum.
1952 2634 2157 2741 Qiae
2191 2654 2313 2708 res
2378 2626 2523 2711 nist
2588 2630 2707 2710 ita
2776 2625 2851 2710 se
2917 2627 3318 2734 haberet,
3372 2627 3586 2710 nihil
3640 2654 4076 2740 propemo-

1358 2743 1554 2826 dum
1596 2742 1783 2828 salis
1823 2744 2107 2828 inesset
2152 2742 2320 2825 illis
2350 2745 2669 2829 Phaedri
2717 2742 3071 2827 verfibus
3099 2800 3130 2825 .

1592 2974 2015 3086 Personam
2054 2981 2479 3096 Tragicam
2510 2975 2729 3089 forte
2771 2975 3040 3097 vulpes
3092 2981 3412 3064 viderat
3431 3040 3461 3063 0

1595 3101 1668 3179 Ο
1709 3123 2001 3209 quanta
2025 3095 2325 3216 species
2340 3160 2374 3208 ,
2428 3099 2691 3212 inquit
2711 3160 2745 3208 ,
2795 3097 3170 3182 cerebrum
3213 3129 3363 3180 non
3407 3096 3686 3183 habet.

1480 3331 1723 3448 Qod
1776 3335 2040 3419 multo
2094 3335 2553 3450 elegantius
2611 3333 3015 3450 Phrygius
3080 3335 3221 3419 ille
3291 3333 3710 3420 fabulator
3743 3394 3779 3441 5
3852 3333 4077 3444 cujus

1363 3478 1705 3565 graecum
1753 3451 2114 3564 leporem
2151 3512 2180 3558 ,
2240 3451 2551 3566 jocique
2596 3456 2767 3535 vim
2815 3454 3113 3536 latinus
3180 3456 3589 3565 interpres
3632 3452 4077 3537 transferre

1360 3567 1722 3682 neglexit
1773 3598 1796 3650 z
1853 3558 1916 3649 ὦ
1962 3558 2083 3652 οἷοι
2136 3560 2423 3676 κεφάλη
2496 3561 2931 3681 ἐγκέφαλον
2978 3568 3069 3654 ἐκ
3125 3566 3347 3683 ἔχω,
3407 3570 3622 3684 quod
3670 3572 3845 3683 pari
3914 3568 4078 3652 fer·

1361 3712 1501 3766 me
1569 3712 1754 3767 cum
1803 3684 2222 3768 venustate
2261 3683 2486 3793 juxta
2528 3685 2983 3797 aliquarum
3045 3689 3365 3769 urbium
3418 3686 3851 3770 dialeeiurn
3910 3688 4077 3769 ita·

1350 3801 1504 3884 lice
1559 3829 1744 3884 curn
1805 3798 2138 3909 Maffejo
2189 3799 2411 3883 dicas
2455 3831 2474 3881 ε
2535 3800 2663 3883 Ob
2703 3799 2841 3883 che
2885 3797 3015 3885 bel
3048 3825 3230 3916 capo
3255 3834 3285 3913 3
3338 3835 3385 3886 e
3430 3827 3587 3918 pur
3620 3835 3764 3885 non
3806 3801 3908 3883 ba
3956 3833 4080 3884 ca-

1346 3910 1644 4032 pitale.
1703 3923 2128 4031 Integram
2169 3920 2477 4031 quippe
2526 3920 2826 4030 capitis
2872 3919 3219 4033 speciem
3275 3918 3827 4034 praeseferebat
3894 3949 4080 4031 per-

882 4041 976 4114 (Ι)
1010 4047 1151 4114 L·4·
1172 4059 1324 4113 mr·
1357 4032 1548 4117 sona
1577 4094 1600 4115 .
1657 4038 1845 4118 Nec
1891 4037 2069 4117 leve
2124 4034 2234 4118 est
2275 4036 2428 4130 hac
2474 4038 2563 4117 in
2591 4063 2677 4118 re
2705 4037 3049 4120 Pollucis
3094 4034 3703 4142 testimonium,
3749 4039 3889 4152 qui
3913 4033 4077 4147 [f]

1353 4153 1623 4235 varias
1664 4179 2095 4261 enumerat
2164 4149 2541 4264 personas
2584 4213 2613 4259 ‚
2689 4153 3102 4267 crinesque
3154 4160 3433 4239 earum
3498 4154 3742 4237 modo
3800 4152 4076 4260 albos,

1352 4265 1598 4353 modo
1646 4271 1958 4383 nigr03‚
2020 4270 2260 4353 modo
2311 4271 2621 4376 flavos,
2678 4268 2917 4354 modo
2962 4270 3423 4383 promiffoS,
3481 4270 3725 4355 modo
3744 4269 4072 4376 solutOS,

1355 4385 1596 4468 modo
1638 4385 2009 4471 colleEios
2038 4447 2068 4493 ,
2127 4387 2368 4471 modo
2418 4389 2787 4472 vibratos
2834 4387 3053 4472 ferro
3101 4386 3515 4472 describit.
3570 4387 4067 4474 Sed&idem

1353 4499 1688 4585 suadent
1737 4504 1897 4587 alia
1942 4529 2529 4611 monumenta,
2594 4507 2682 4588 in
2726 4506 3018 4619 quibus
3063 4503 3407 4617 perfonae
3427 4507 3791 4619 capitum
3814 4502 4071 4587 instar

1352 4615 1812 4731 finguntur.
1874 4622 2405 4735 Melpomene
2438 4681 2470 4731 ,
2506 4623 2605 4704 ·&
2630 4623 2945 4708 Thalia
2985 4624 3210 4709 inter
3251 4621 3531 4708 Musas
3560 4682 3586 4731 ‚
3646 4651 3829 4708 cum
3857 4625 4072 4707 Tra·

3737 4766 3956 4855 gicae‚
