4484 5850
577 499 2133 611 ANIMADVERSIONES
2241 405 3051 638 1⁵2·1,1QUoi-⁶.5

855 714 860 718 ·
1674 770 1682 778 ’
1773 785 1841 866 Ι.

699 1047 828 1130 De
894 1042 1407 1160 constantino
1489 1040 1802 1155 Lascam·
1824 1102 1855 1152 ,
1928 1040 2031 1131 o*
2083 1039 2224 1127 boc
2279 1042 2434 1180 φας
2496 1042 2839 1162 opusculo
2866 1104 2893 1131 .
2983 1161 2991 1169 ‚

402 1381 422 1392 ·
665 1326 1195 1415 Onstantinus
1241 1328 1606 1416 Lascaris
1648 1358 1752 1417 ex
1795 1327 2224 1414 clarissima
2282 1329 2636 1415 Familia
2682 1353 2960 1436 ortus,
2993 1358 3167 1442 quae

356 1533 360 1536 ,
718 1473 1071 1563 quatuor
1113 1446 1402 1533 habuit
1462 1450 1829 1532 Orientis
1876 1453 2474 1561 ImperatoreS,
2532 1473 2623 1532 ut
2675 1446 2930 1533 Aldus
2982 1452 3166 1531 Ma·

421 1566 708 1648 nutius
741 1565 1095 1650 affirmat
1151 1565 1236 1649 in
1288 1564 1619 1680 epistola
1665 1564 1766 1650 ad
1790 1571 2083 1683 Janum
2135 1563 2507 1650 Lascaris
2544 1565 2888 1650 editioni
2944 1564 3171 1648 Rhe-

421 1703 702 1766 torum
748 1686 1207 1769 Graecorum
1257 1680 1640 1797 praemiffa
1676 1744 1704 1790 ,
1764 1681 2046 1767 reliPta
2083 1683 2352 1795 patria
2389 1681 3105 1797 Constantinopoli
3130 1743 3160 1790 ,

403 1799 765 1885 -Italiam
821 1803 1055 1886 venit
1119 1829 1342 1887 anno
1391 1799 2034 1892 MCCCCLIV.
2090 1802 2674 1886 Amoeniorum
2735 1801 3161 1886 literarum

413 1916 734 2003 cultum
785 1920 1089 2004 eximia
1125 1980 1151 2027 ,
1212 1948 1373 2033 qua
1430 1919 1809 2034 praeditus
1862 1942 2092 2025 erat,
2150 1917 2661 2027 eruditione,
2720 1919 3161 2034 &ingenio

411 2064 589 2149 ‚prae
637 2039 945 2122 caeteris
988 2065 1085 2121 ea
1121 2038 1385 2122 ‘aetate
1457 2034 1935 2122 restauravit
1980 2096 2004 2119 .
2065 2035 2705 2148 Eloquentiam,
2766 2042 3161 2121 Graecam-

415 2183 591 2268 que
647 2154 1015 2271 linguam
1042 2154 1501 2240 Mediolani
1529 2157 1945 2268 primum,
2005 2152 2326 2264 jubente
2371 2153 2795 2238 Francisco
2824 2153 3161 2262 Sfortia,

404 2272 749 2386 publice
807 2271 1134 2384 docuit,
1196 2270 1526 2356 subinde
1565 2276 1924 2357 Romam
1989 2272 2065 2355 se
2110 2273 2516 2378 contulit,
2582 2273 2856 2385 ibique
2914 2272 3160 2385 pluri-

415 2390 582 2473 mis
629 2419 678 2475 a
730 2389 1177 2476 Cardinale
1249 2388 1702 2478 Beffarione
1754 2392 2102 2504 acceptis
2158 2389 2791 2497 benevolentiae,
2854 2388 3161 2473 &ami-

396 2511 638 2593 ‚citiae
703 2506 946 2624 fignis
1018 2506 1472 2593 Meffanam
1527 2507 1785 2612 adiit,
1845 2511 1981 2592 ubi
2057 2506 2223 2617 jure
2293 2509 2693 2593 Civitatis
2753 2537 2799 2593 a
2855 2512 3159 2593 Senatu

395 2627 776 2711 donatus
834 2649 1295 2712 extremum
1361 2626 1581 2710 diem
1637 2627 1894 2715 obiit...
1955 2630 2271 2740 Magna
2327 2655 2574 2739 quum
2648 2629 2895 2710 inter-
2922 2627 3159 2710 vivos

403 2769 762 2862 ageret,
820 2742 997 2829 usus
1037 2741 1146 2828 est
1199 2742 1662 2829 auditorum
1716 2741 2231 2857 frequentia,
2299 2747 2818 2857 atqueinter
2843 2767 3170 2828 caeteros

407 2860 932 2949 eruditissimi
981 2861 1453 2948 Cardinalis
1506 2863 1847 2947 Bembi.
1910 2860 2398 2947 Meffanenfi
2461 2864 2796 2948 Senatui
2869 2862 3167 2946 Biblio-

411 2981 768 3067 thecam·
806 2980 1030 3067 suam
1097 2978 1635 3067 Testamento
1683 2979 2157 3096 legaverat,
2218 2981 2322 3065 ob
2368 3010 2618 3093 quam
2649 3010 2825 3065 rem
2883 2978 3165 3064 defun-

405 3096 540 3185 'sto
601 3098 1116 3213 sepulchrum
1184 3128 1332 3184 aere
1384 3100 1704 3214 publico
1752 3102 2098 3183 Senatus
2143 3098 2564 3184 decrevit.
2620 3099 3022 3184 Plurimas
3071 3125 3164 3181 ac

404 3218 495 3301 in
556 3245 735 3302 rem
791 3220 1442 3302 Grammaticam
1507 3215 1949 3332 praesertim
2007 3214 2612 3301 lucubrationes
2667 3244 2919 3331 graeco
2963 3274 2991 3322 ,
3082 3216 3164 3296 8<

407 3335 688 3421 latino
745 3334 1141 3420 idiomate
1199 3334 1504 3448 scripfit
1555 3333 1916 3418 Lascaris
1962 3330 2276 3441 noster,
2337 3365 2508 3446 quae
2554 3335 2639 3415 in
2700 3361 2950 3415 unum
3004 3332 3166 3415 col·

413 3451 633 3539 lesta
688 3450 944 3538 Aldus
1003 3455 1442 3539 Manutius
1497 3449 1750 3537 edidit
1796 3478 2016 3536 anno
2060 3454 2443 3535 MDXlI.
2490 3509 2515 3533 .
2589 3449 2797 3534 Vide
2871 3449 3163 3533 Alber-

404 3594 607 3657 tum
645 3570 1132 3656 ‚Fabricium
1216 3570 1608 3656 Biblioth.
1689 3573 1941 3655 Graec.
2013 3592 2224 3653 tom.
2299 3574 2490 3653 VII.
2561 3597 2747 3684 pag.
2818 3594 2951 3676 39.
2995 3627 3022 3674 ,
3082 3567 3162 3648 8<

412 3687 1041 3801 Hieronymum
1084 3686 1409 3804 Ragusa
1465 3690 1551 3772 in
1601 3690 1815 3804 elog.
1861 3690 2102 3773 Sicul.
2131 3748 2158 3797 ,
2218 3690 2361 3802 qui
2410 3685 2716 3772 auctori
2763 3684 3026 3770 nostro
3048 3710 3165 3769 at·

415 3807 724 3893 tribuit
772 3807 1241 3922 catalogum
1285 3836 1570 3891 eorum
1624 3807 2109 3914 hominum,
2168 3808 2310 3920 qui
2360 3808 2460 3891 ab
2514 3808 2757 3890 initio
2790 3834 2975 3889 cum
3022 3803 3166 3889 ali·

407 3953 583 4039 qua
649 3924 904 4011 laudis
952 3985 980 4032 ,
1043 3925 1474 4042 gloriaeque
1527 3922 1750 4010 fama
1806 3925 1891 4008 in
1980 3924 2259 4010 Sicilia
2311 3928 2753 4011 floruerant
2802 3982 2825 4006 .

403 4116 420 4131 ,
538 4045 731 4128 Hoc
776 4072 974 4127 vero
996 4042 1467 4157 opusculum
1517 4043 1917 4128 ineditum
1945 4068 2086 4149 ,ut
2130 4043 2606 4156 opinamur,
2646 4039 3011 4155 praefatio
3056 4035 3166 4121 est

406 4161 503 4245 in
558 4159 883 4274 Orphei
920 4162 1531 4276 Argonautica,
1575 4190 1749 4276 quae
1797 4160 1871 4244 se
1930 4160 2389 4255 Mediolani
2436 4157 2806 4273 reperisse
2862 4161 2979 4241 ait
3018 4162 3168 4249 La·

399 4276 710 4385 scariS,
753 4276 1153 4364 vetustate
1203 4280 1556 4363 multum
1600 4304 2031 4393 corrupta,
2084 4275 2527 4391 frustraque
2562 4274 2925 4390 quaefiiss'e
2978 4273 3169 4356 alte·

403 4423 631 4501 rum,
667 4426 831 4509 quo
878 4397 1384 4505 emendaret,
1413 4397 1879 4510 exemplar.
1906 4394 2217 4479 Eadem
2266 4395 2408 4478 illa
2455 4393 2604 4478 effe
2637 4421 2819 4477 curn
2849 4393 2974 4498 iis,
2997 4414 3166 4503 quae
3202 4416 3209 4421 ·

397 4514 754 4626 Orphei
795 4517 1126 4599 nomine
1163 4512 1892 4620 circumferuntur,
1917 4513 2463 4626 dicunturque
2495 4513 2599 4615 ab
2627 4512 3166 4594 Onomacrito

399 4629 822 4744 conficiat,
884 4661 1051 4719 non
1100 4662 1295 4720 vero
1343 4631 1672 4748 aliquod
1726 4629 2110 4746 Orphicae
2167 4616 2499 4716 Poeseos
2569 4614 2833 4716 adhuc
2892 4629 3168 4831 lfatens

2932 4774 3054 4833 ra-
