4484 5850
2851 492 2904 552 ⁴2

397 572 774 684 Patricius
823 601 1012 663 tune
1061 575 1342 690 adstiti
1383 573 1608 688 fuere
1667 579 2045 662 communi
2102 574 2584 665 flaviarum
2611 490 3149 697 gentiun32⁹noe

400 699 611 781 mine
695 692 1080 814 appellati
1123 758 1147 780 .
1228 701 1413 813 Jam
1496 699 1751 813 igitur
1827 703 2138 783 Gentes
2232 702 2585 789 Flavias'
2642 709 3133 820 propagavit

397 816 792 904 Claudius
837 876 866 921 ,
934 820 1178 930 inque
1240 844 1521 900 earum
1591 844 2023 901 numerum
2095 845 2351 903 novos
2425 820 2822 903 Patricios
2893 821 3135 909 adsci-

398 936 584 1041 vit,
644 934 859 1047 quasi
912 932 1078 1043 jam
1144 961 1324 1020 tum
1361 996 1388 1041 ,
1474 935 1594 1020 ait
1665 935 1926 1019 Pallio
1970 996 1998 1043 ,
2070 936 2289 1021 velut
2351 966 2398 1022 e
2458 935 2780 1050 specula
2842 943 3129 1055 praevi·

391 1050 625 1137 diffet
693 1028 1221 1137 deferentium
1306 1055 1750 1166 imperium
1817 1053 1956 1136 uni
2019 1082 2122 1138 ex
2185 1055 2348 1139 illis
2410 1056 2795 1170 gentibus
2853 1083 3039 1143 orto
3098 1120 3129 1168 ,

388 1168 880 1256 Constantio
946 1198 1243 1284 nempe
1305 1173 1652 1276 Caeiari,
1719 1168 1934 1281 cujus
1994 1170 2215 1256 laudi
2264 1172 2492 1258 favet
2560 1172 2858 1288 ubique
2920 1181 3128 1261 Tre-

389 1288 681 1372 bell'ius
737 1283 913 1400 (0).
975 1293 1088 1374 Et
1150 1285 1729 1383 Constantium
1793 1314 2119 1397 autem,
2179 1291 2259 1374 δε
2319 1319 2663 1376 omnem
2728 1291 2894 1402 ejus
2952 1292 3125 1380 stir-
3161 1291 3613 1433 &KQ-2⁶25·

384 1430 578 1520 pem
644 1406 1120 1491 Flaviorum
1183 1434 1485 1492 nomen
1534 1405 1857 1525 gestasse
1918 1431 2204 1493 notum
2268 1407 2377 1495 est
2430 1409 2866 1505 omnibus.
2932 1418 3116 1501 Imo
3155 1432 3297 1489 aum
3373 1458 3406 1493 a
3478 1390 3613 1527 iul}

383 1523 779 1609 Claudius
823 1521 988 1638 ipse
1048 1523 1332 1640 geffit,
1393 1523 1544 1610 nisi
1603 1524 1881 1611 fucum
1938 1522 2140 1614 facit
2201 1520 2634 1643 Vopiscus.
3150 1506 3424 1568 ‘'mh'‘-

1566 1764 1954 1881 JUL100.

393 2044 402 2049 -
493 1996 686 2113 Julii
750 2026 1054 2083 nomen
1114 2000 1217 2085 ab
1278 1998 1620 2086 Aurelio
1680 1997 2008 2083 Viflore
2048 1997 2537 2086 Constantio
2573 2000 2891 2088 Chloro
2961 2010 3105 2092 Paa-

373 2117 488 2201 tri
537 2114 1056 2202 Constantini
1113 2120 1403 2232 Magni
1470 2119 1911 2224 tribuitur,
1973 2117 2050 2198 &
2099 2119 2204 2201 ab
2263 2119 2641 2203 omnibus
2700 2117 3105 2207 historicis

372 2232 862 2319 Constantio
944 2231 1470 2319 Constantini
1546 2234 1857 2346 fratri3
1915 2233 2054 2318 hic
2114 2235 2399 2348 itaque
2456 2233 2986 2323 Constantius
3051 2265 3101 2322 a

370 2349 810 2463 majoribus
865 2352 1057 2470 Julii
1117 2380 1420 2438 nomen
1473 2353 1728 2438 habet
1770 2411 1796 2436 .
3130 2390 3139 2397 -

1221 2712 1242 2726 ο
1310 2589 2112 2676 CONSTANTIO
2134 2645 2159 2672 .

355 2819 410 2881 ·’-”
484 2831 614 2913 Ut
673 2852 828 2934 ea,
888 2853 1061 2942 quae
1127 2823 1522 2911 hassenus
1579 2826 1984 2936 diximus,
2040 2825 2120 2907 &
2155 2851 2325 2938 quae
2372 2823 2751 2941 deinceps
2790 2824 3082 2915 diauri

363 2944 630 3029 sumus
719 2948 1134 3059 apertiora
1205 2943 1408 3030 fiant
1491 2973 1655 3031 non
1719 2974 2013 3060 parum
2093 2943 2297 3029 lucis
2356 2944 2637 3029 afferet
2698 2974 2973 3030 rerum
3032 2973 3085 3034 a

353 3060 891 3148 Constantini
938 3060 1123 3145 filiis
1175 3062 1342 3176 post
1402 3064 1718 3148 obitum
1780 3065 2048 3149 Patris
2107 3058 2510 3176 gestarum
2568 3063 3085 3176 compendia»

350 3183 476 3266 ria
524 3182 931 3265 narratio.
968 3180 1551 3267 Constantinus
1597 3187 1953 3295 Magnus
1978 3180 2321 3290 Imperii
2359 3180 2899 3292 partitionem
2932 3184 3082 3267 ita

356 3296 839 3383 testamento
903 3296 1268 3412 legavit,
1325 3324 1416 3380 ut
1454 3296 2039 3381 Constantinus
2085 3294 2495 3403 Galliam,
2561 3294 3082 3407 Hispaniam,

345 3416 812 3532 Angliamj
871 3413 1393 3501 Constantius
1452 3412 1765 3519 Asiam,
1824 3415 2200 3525 Syriam,
2272 3413 2738 3526 AEgyptum
2768 3443 2797 3524 3
2855 3416 3079 3497 Con-

345 3531 564 3619 stans
615 3534 1020 3644 Illyrium,
1070 3532 1455 3638 Italiam,
1489 3530 1861 3617 Africam
1930 3530 2395 3615 obtineret:
2453 3529 2759 3614 duobus
2819 3531 3076 3618 etiam

346 3680 453 3736 ex
519 3649 946 3735 Dalmatio
1019 3649 1272 3733 fratre
1360 3651 1782 3761 nepotibus
1853 3672 2180 3761 partem
2262 3647 2605 3759 Imperii
2694 3644 3073 3734 dederat.

341 3769 873 3855 Dalmatiam
945 3795 1244 3878 nempe
1312 3767 1705 3851 Caesarem
1793 3766 2299 3881 appellatum
2371 3764 2830 3851 Thraciam
2883 3795 3072 3853 cum

343 3887 654 3972 Gracia
733 3887 1032 3970 habere
1103 3883 1414 3992 jufferat
1462 3946 1490 3993 ‚
1548 3884 1627 3965 8(
1687 3884 2344 3969 Annibalianum
2428 3884 2673 3968 Ponti
2747 3886 3070 3998 Regem

341 4005 707 4090 fecerat.
771 4008 893 4087 At
934 4003 1258 4086 'milites
1324 4001 1638 4087 nonnisi
1707 4000 2228 4086 Constantini
2300 4000 2577 4085 liberis
2630 3998 2707 4083 se
2749 4000 3069 4086 obtem·

337 4148 766 4237 peraturos
850 4119 1318 4204 diffitantes
1392 4118 1947 4228 conjuratione
2040 4115 2259 4202 safi‘ta
2348 4117 2699 4231 reliquos
2776 4146 3066 4204 omnes

343 4237 874 4325 Constantini
920 4237 1551 4353 consanguineos
1608 4236 2106 4320 obtruncant
2151 4233 2455 4349 Julium
2505 4261 2806 4345 nempe
2840 4233 3099 4319 Con-'

337 4354 727 4443 stantium
799 4356 1141 4442 fratrem
1187 4417 1214 4461 ,
1274 4355 1954 4466 Dalmatiumque
2010 4412 2038 4459 ,
2096 4352 2175 4436 δε
2237 4349 2893 4436 Annibalianum
2953 4377 3058 4436 ex

338 4474 600 4563 fratre
647 4477 1076 4560 Dalmatio
1126 4499 1515 4586 nepoteS,
1572 4468 2047 4581 caeterosque
2091 4497 2376 4553 omnes
2414 4466 2768 4553 fratrum
2817 4465 3059 4577 filios,

335 4597 697 4708 exceptis
741 4593 1047 4706 duobus
1108 4591 1292 4675 filiis
1350 4583 2064 4706 JuliiConstantii,
2114 4585 2355 4674 Gallo
2421 4613 2767 4699 nempe,
2812 4584 2889 4666 &
2925 4588 3057 4701 Ju-

333 4709 611 4822 liano,
668 4739 1015 4827 quorum
1059 4710 1302 4798 alteri
1359 4737 1570 4825 agra
1645 4704 2026 4796 valetudo
2092 4706 2414 4794 obitum
2485 4705 2653 4792 cito
2700 4702 3052 4901 aligtura

2714 4848 2801 4904 vi
2857 4848 2937 4906 e-
