4484 5850
1537 451 1573 507 1
1650 432 1707 509 6

1410 447 1675 626 nimie
1715 537 2106 653 Imperii,
2166 559 2304 622 aut
2353 563 2501 650 pro
2546 533 2796 622 salute
2837 537 3166 622 Civium
3197 596 3227 643 ,
3285 536 3415 621 vel
3441 554 3587 650 pro
3627 536 3876 625 salute
3901 541 4137 631 Prin-

1408 660 1682 771 cipum
1730 718 1756 765 ,
1817 685 2257 769 eorumque
2294 653 2512 739 felici
2562 655 2738 760 itu,
2798 679 3042 766 atque
3088 654 3354 739 reditu
3400 715 3427 761 ,
3488 679 3625 739 aut
3671 686 3822 769 pro
3877 655 3952 741 se
4016 662 4138 771 ip-

1383 774 1549 859 fis.
1614 781 1743 859 Ita
1785 775 2086 890 Julium
2126 772 2709 856 Marcellinum
2747 833 2776 880 ‚
2819 771 2874 853 s1
2921 772 3058 856 ille
3100 773 3239 877 fit,
3299 801 3535 883 quem
3575 771 3708 854 sub
3744 774 4123 860 Gallieno

1407 898 1912 1005 Imperatore
1956 887 2324 1003 suspicati
2370 888 2685 993 sunmS,
2750 892 3112 974 votivam
3154 889 3366 973 ha'nc
3403 918 3627 973 aram
3652 895 3835 975 Deo
3857 893 4125 976 Genio

1408 1010 1852 1122 Municipii
1903 1006 2257 1121 Segusini
2305 1004 2773 1091 dedicavisse
2818 1005 3363 1090 existimamus
3412 1067 3440 1113 ,
3527 1033 3664 1091 aut
3735 1030 3825 1090 ut
3872 1015 4133 1122 Impe-

1406 1128 1663 1212 ratori
1702 1155 1821 1210 res
1878 1124 2251 1209 secundas
2302 1121 2924 1238 adprecaretur‚
2982 1148 3121 1208 aut
3165 1149 3258 1207 ut
3313 1153 3461 1236 pro
3508 1126 4132 1237 partaaGallie·

1406 1274 1515 1329 no
1569 1241 1953 1348 vistmia,
2014 1266 2155 1326 aut
2204 1270 2353 1355 pro
2402 1242 2557 1325 rite
2602 1239 3239 1326 administranda
3284 1244 3759 1326 Cottiarum
3783 1243 4133 1356 Alpium

1407 1362 1832 1474 provincia
1883 1382 2172 1444 votum
2208 1357 2342 1441 vel
2379 1355 2727 1443 solveret
2763 1421 2792 1468 ,
2851 1384 2991 1444 aut
3038 1356 3539 1444 consecraret
3574 1419 3596 1442 .

1527 1483 1719 1563 Haec
1767 1476 2021 1562 etiam
2064 1473 2405 1560 fortassis
2455 1504 2594 1561 ara
2647 1473 2887 1561 alicui
2933 1473 3317 1561 sacrificio
3359 1479 3799 1589 quotannis
3845 1508 3893 1563 a
3938 1482 4120 1562 Mu-

1409 1596 1805 1709 nicipibus
1849 1591 2238 1679 Secusmis
2285 1590 2459 1676 fieri
2493 1591 2723 1679 solito
2782 1591 3176 1679 destinata
3202 1591 3356 1676 fixit
3381 1624 3408 1706 ;
3459 1625 3653 1680 nam
3688 1584 4127 1681 verosimil-

1406 1715 1699 1798 limum
1733 1710 1839 1796 est
1886 1709 2175 1796 statam
2212 1709 2565 1796 habuisse
2607 1710 2827 1797 diem
2864 1772 2893 1819 ‚
2965 1739 3127 1828 qua
3189 1714 3374 1798 Deo
3432 1714 3652 1801 urbis
3702 1715 3970 1802 Genio
4017 1711 4127 1798 sa-

1410 1859 1546 1916 cra
1590 1829 1951 1915 facerent
1977 1889 2002 1913 .
3724 1879 3730 1884 ·

1525 1946 1734 2031 Illud
1784 1948 2036 2032 etiam
2104 1945 2694 2033 observandum
2762 1945 3105 2062 superest
3163 1948 3374 2039 hanc
3455 1978 3681 2035 aram
3734 1948 4127 2062 superiori

1409 2088 1645 2178 parte
1683 2089 2155 2149 excavatam
2201 2064 2601 2179 tantisper
2644 2064 2788 2150 effe
2820 2128 2848 2173 ‚
2907 2092 2998 2151 ut
3037 2064 3352 2151 facilius
3378 2127 3405 2172 ‚
3471 2064 3526 2147 s1
3571 2065 4011 2176 conjefiiare
4037 2068 4131 2150 li-

1404 2206 1535 2265 cet
1580 2243 1608 2288 ‚
1653 2181 2146 2294 imponenda
2197 2183 2364 2267 liba
2418 2244 2447 2290 ‚
2501 2182 3001 2298 liquoresque
3033 2244 3062 2291 ‚
3129 2185 3206 2267 &
3251 2181 3766 2272 viffimarum
3818 2182 4129 2299 praeser-

1406 2300 1564 2384 tim
1610 2297 2083 2415 sanguinem
2130 2300 2593 2388 contineret
2628 2359 2648 2384 .
