4484 5850
311 687 666 827 pariter
721 689 1158 825 legendi,
1231 694 1358 798 δε
1429 686 1781 793 edendi
1846 685 2249 789 cuilibet
2290 694 2430 823 jus
2485 686 2720 790 esto.
2792 690 3058 794 Ube-

302 833 672 929 riorem
775 832 1046 930 enim
1150 833 1479 932 lucem
1570 828 2058 929 nonnulla
2129 828 2444 928 nostra
2535 831 3051 966 Marmora

306 969 743 1103 accipere
790 966 1045 1102 poss'e
1096 1007 1271 1072 nec
1345 969 1964 1085 inficiamur,
2008 1002 2319 1101 neque
2365 969 2977 1104 desperamus
3022 1009 3050 1093 ς
3124 1019 3129 1024 ·

304 1106 732 1241 adeoque
804 1142 917 1209 ea
986 1147 1180 1212 una
1242 1109 1527 1209 fimul
1597 1107 2008 1207 collecta
2077 1107 2354 1205 nobis
2446 1105 2787 1242 volupe
2863 1107 3056 1211 fuit

298 1249 756 1345 emittere
789 1322 817 1363 ,
892 1251 1207 1386 magis
1265 1282 1375 1352 ut
1448 1249 2049 1348 commodius
2091 1247 2208 1345 fit
2253 1250 2589 1381 patriae
2638 1248 3053 1381 antiqui·

297 1416 623 1484 tatum
695 1382 1114 1486 studiofis
1188 1424 1301 1514 ea
1368 1386 1937 1524 perscrutari
1974 1461 2000 1500 ,
2073 1386 2196 1490 ὃζ
2270 1388 2548 1488 novis
2606 1387 3051 1488 observa-

297 1522 721 1623 tionibus
823 1525 1295 1625 illustrare
1330 1602 1358 1651 ,
1483 1561 1774 1665 quam
1855 1526 2108 1660 quod
2190 1525 2514 1624 nostro
2585 1529 2965 1625 muneri
3014 1577 3077 1649 ,-

300 1665 1004 1799 communique
1051 1668 1499 1768 omnium
1550 1665 2245 1801 exspectationi
2310 1658 2850 1802 satisfecisse
2897 1701 3047 1764 ar·

292 1804 824 1903 bin-emur.
894 1808 1309 1906 Interim
1388 1805 1509 1908 ad
1577 1803 2285 1943 perficiendam
2359 1803 3045 1906 Romanarum

288 1943 1030 2076 Antiquitatum
1066 2017 1093 2068 ,
1168 1983 1368 2081 quae
1429 1947 1566 2045 cis
1603 2022 1631 2063 ,
1703 1943 2138 2045 &trans
2189 1942 2482 2077 Alpes
2544 1977 2751 2043 tam
2819 1947 3044 2043 Ma-
3175 1977 3178 1981 “

187 2151 206 2164 -
287 2083 675 2180 ritimas
715 2156 742 2203 ,
809 2119 1110 2218 quam
1205 2087 1547 2222 Grajas
1612 2162 1640 2203 ,
1726 2077 1894 2183 seu
1993 2084 2403 2184 Penin‘as
2474 2082 2975 2217 supersunt
3010 2152 3043 2205 ,

285 2219 777 2357 syllogem
854 2258 1030 2322 nos
1106 2254 1351 2323 totos
1425 2221 2032 2325 conferemus
2065 2300 2085 2321 .
2187 2220 2692 2319 Hactenus
2765 2222 3042 2319 enim

283 2356 553 2458 nihil
625 2360 1126 2494 attigimus
1200 2398 1540 2462 eorum
1601 2390 2487 2459 monumentorum
2547 2430 2577 2479 ‚
2647 2392 2848 2489 quae
2926 2361 3041 2461 in

281 2496 575 2632 hujus
650 2501 966 2633 Regni
1059 2489 1579 2636 proirineiis
1651 2495 1939 2599 variis
2037 2496 2557 2596 itineribus
2634 2531 2691 2595 a
2760 2496 3038 2595 nobis

283 2636 512 2734 sunt
579 2637 1123 2761 observata,
1169 2642 1239 2740 fi
1305 2674 1605 2740 unam
1679 2637 2097 2773 excipias
2172 2632 2626 2735 Italicam
2684 2633 2803 2733 de
2856 2634 3039 2735 fitu

285 2774 669 2909 Oppidi
729 2775 1225 2877 Industriae
1296 2776 2047 2913 disputationem
2111 2811 2167 2875 a
2251 2772 2526 2873 nobis
2600 2775 3033 2873 nimium

286 2909 862 3015 festinanter
933 2919 1427 3034 excusam,
1515 2918 2031 3059 quatriduo
2093 2916 2621 3035 nimirum3
2690 2917 2798 3013 in
2851 2950 3034 3047 qua
3160 3002 3163 3005 ,

286 3050 417 3153 ὃζ
483 3089 781 3189 pauca
847 3092 903 3155 a
972 3059 1247 3159 nobis
1319 3059 1972 3173 emendanda,
2048 3053 2172 3155 δί
2223 3054 2535 3153 multa
2589 3052 2834 3169 scitu
2893 3055 3032 3151 di-

361 3226 481 3290 na
556 3195 992 3295 addenda
1020 3270 1047 3321 ,
1122 3233 1427 3332 quum
1484 3199 1743 3298 hanc
1805 3197 2115 3332 ipsam
2148 3265 2178 3314 ‚
2249 3227 2541 3328 quam
2591 3197 2786 3322 jam
2829 3191 3029 3323 pol-

287 3231 545 3429 finiti
617 3331 944 3432 sumus
975 3409 1005 3458 ‚
1079 3337 1754 3438 collectionem
1829 3331 2185 3469 publici
2241 3331 2462 3463 juris
2512 3326 3019 3428 faciemus,

285 3472 679 3570 Interea
746 3473 944 3573 haec
1011 3476 1740 3611 qualiacumque
1801 3473 1990 3574 fint
2034 3472 2269 3607 aequi
2311 3543 2339 3584 ,
2406 3469 2819 3601 bonique
2886 3463 3022 3564 fa·

290 3607 543 3732 cito,
617 3611 741 3713 &C
808 3649 986 3748 pro
1072 3648 1337 3715 certo
1407 3617 1761 3716 habeto
1796 3686 1824 3736 ,
1897 3648 2066 3711 nos
2139 3609 2358 3707 satis
2448 3604 3035 3741 praeclarum

289 3746 748 3848 laborum
830 3751 1384 3853 nostrorum
1443 3753 2228 3858 emolumentum
2298 3738 2752 3875 accepiffe
2826 3745 3020 3841 exi-

289 3884 730 4046 stimare,
792 3890 869 3992 fi
937 3925 1153 3998 rem
1222 3894 1402 3998 tibi
1469 3928 1675 4001 non
1741 3896 2227 4029 ingratam
2285 3880 2615 3989 feciffe
2669 3916 3019 4016 cogno-

291 4057 645 4132 nmuS.

2515 4886 2874 4997 DIA·
