4484 5850
498 542 621 623 M
586 572 660 657 y
655 538 730 644 st
735 538 854 623 ica
880 535 1173 648 Jaccbi
1222 532 1389 621 ideo
1435 532 1556 620 ait
1600 598 1627 646 ,
1689 537 1887 652 quod
1904 534 2167 623 Liberi
2207 531 2481 621 Patris
2508 534 2735 670 sacra
2781 446 3112 656 αἰξίν-

356 660 757 773 gationem
819 657 1088 739 anima
1139 655 1638 773 pertinebant
1684 718 1713 764 ,
1802 655 1903 741 <5⁴
1955 655 2086 772 stc
2132 653 2470 737 homines
2526 686 2680 756 esus*
2724 656 3105 769 mysteriis

354 774 891 891 purgabantur
914 835 940 879 ,
985 770 1198 885 ficut
1233 774 1526 857 vannis
1554 770 1962 884 frumenta
2003 798 2479 891 purgantur.
2530 780 2778 859 Faces
2825 777 3100 890 itaque

360 895 838 1009 purgationi
892 896 1147 997 etjam
1203 891 1828 1000 inserviebant,
1870 895 2064 1006 quia
2114 892 2370 975 tribus
2416 893 2909 1006 potissimum
2958 896 3103 977 illa

366 1010 623 1094 fiebat
694 1009 1125 1095 elementis
1172 1069 1197 1115 ‚
1264 1037 1513 1117 aere,
1598 1036 1808 1125 aqua
1854 1070 1881 1118 ‚
1977 1010 2055 1095 8<
2124 1010 2314 1125 igne
2362 1067 2384 1092 .
2471 1009 2704 1094 Idem
2773 1011 3101 1096 Servius

285 1172 292 1177 ·
366 1129 471 1213 ad
520 1129 706 1213 illos
751 1126 1085 1243 Virgilii
1133 1124 1402 1211 versus
1458 1123 1618 1241 (e).
2528 1210 2534 1219 ,
3097 1125 3570 1265 sslxo's‘f‘ff‘·

720 1424 745 1447 .
807 1423 830 1446 .
892 1424 914 1446 .
973 1417 1031 1446 .-
1064 1424 1088 1447 .
1147 1358 1320 1448 aliae
1366 1361 1809 1482 penduntur
1871 1366 2135 1448 inanes

718 1479 887 1590 Sus
917 1479 1108 1593 ensae
1169 1481 1269 1563 ad
1315 1509 1583 1566 ventos
1641 1544 1669 1589 ,
1733 1479 1914 1565 aliis
1957 1481 2101 1593 sub
2151 1482 2467 1598 gurgite
2523 1487 2747 1597 vasto

718 1602 813 1681 In
852 1602 1091 1695 etium
1151 1595 1446 1682 eluitur
1491 1596 1746 1712 scelus
1808 1662 1836 1709 ,
1895 1627 2030 1701 aut
2089 1602 2438 1683 exuritur
2497 1603 2662 1717 igni
2703 1662 2726 1686 .

369 1909 391 1923 ,
469 1837 573 1916 In
618 1834 951 1917 omnibus
978 1836 1239 1933 Sacris
1300 1861 1456 1933 tres
1499 1834 1691 1948 sunt
1754 1837 1918 1951 istae
1941 1837 2481 1952 purgationes,
2505 1864 2687 1920 nam
2728 1863 2861 1920 aut
2902 1833 3104 1919 taeda

349 1974 785 2070 purgantur
817 2015 844 2058 ,
914 1952 1013 2038 cb*
1054 1948 1473 2069 sulphure,
1531 1983 1666 2038 aut
1717 1986 1890 2038 aere
1945 1951 2487 2063 ventilantur,
2551 1957 2748 2069 quod
2804 1983 2973 2039 erat
3020 1955 3103 2037 in

361 2071 625 2153 Sacris
688 2071 947 2156 Liberi
982 2102 1021 2163 ·'.
1067 2077 1284 2159 Aere
1342 2073 1619 2187 itaque
1663 2074 2244 2187 purgabantur,
2292 2072 2562 2159 oscilla
2592 2137 2617 2179 ,
2667 2074 2859 2160 idest
2908 2077 3112 2160 ima-

292 2204 297 2209 ’
362 2188 754 2307 guncujas
800 2251 827 2297 ,
887 2188 1020 2274 seu
1083 2189 1453 2305 personas
1502 2218 1601 2274 ex
1638 2191 2053 2274 arboribus
2111 2188 2656 2303 suspendendo
2681 2190 2854 2305 [j]
2975 2216 2978 2219 *
3124 2205 3452 2355 [Πυσεςιξὲ
3492 2236 3579 2275 n.

721 2421 1016 2537 oscilla
1057 2424 1153 2508 e'x
1212 2421 1379 2508 alta
1423 2384 1900 2542 suspendunt
1942 2419 2200 2506 mollia
2232 2425 2496 2541 pinu.

365 2663 796 2778 Utaliqui
835 2661 1303 2749 existimant
1358 2660 1395 2776 (
1442 2693 1602 2776 qua
1634 2663 1732 2749 de
1778 2692 1879 2749 se
1928 2660 2329 2778 inferius)
2370 2694 2389 2747 t
2452 2693 2661 2779 aqua
2709 2665 2795 2748 in
2844 2664 3105 2771 mari,

366 2783 505 2879 vel
566 2784 833 2865 fluviis
883 2781 1079 2866 sese
1143 2782 1538 2889 abluendo
1600 2810 1619 2864 ε
1705 2784 1890 2898 igne
1972 2782 2310 2867 tandem
2391 2780 2603 2869 faces
2678 2781 3016 2867 ferendo
3070 2841 3098 2888 ,

368 2902 502 2999 vel
553 2898 995 3008 jaffltando
1028 2962 1056 3008 ,
1146 2899 1278 2984 vel
1327 2902 1411 2982 in
1467 2929 1764 3014 aquam
1809 2900 2319 2986 demittendo
2367 2963 2395 3008 ,
2482 2928 2573 2993 ut
2619 2903 2704 2985 in
2745 2902 3103 3012 antiquis

369 3017 1015 3108 Bacchanalibus
1084 3018 1479 3102 Romanis
1560 3018 2256 3116 Senatusconsulto
2340 3019 2689 3120 sublatis
2735 3019 3107 3113 observa-

370 3161 557 3219 tum
605 3135 764 3220 fuit
819 3195 847 3242 ,
908 3139 992 3222 in
1048 3135 1337 3250 quibus
1384 3194 1411 3242 ,
1475 3137 1565 3220 ut
1619 3137 1737 3219 ait
1789 3135 2123 3241 Livius,
2210 3141 2588 3218 Matrona
2619 3136 3105 3248 Baccharum

298 3281 305 3288 ·
371 3251 647 3338 habitu
701 3251 1031 3336 crinibus
1074 3248 1320 3370 paffis
1366 3281 1533 3333 cum
1597 3249 2034 3334 ardentibus
2084 3245 2391 3360 facibus
2449 3251 2946 3344 decurrebant
3008 3253 3107 3335 ad

376 3370 764 3482 Tyberim
806 3383 853 3476 ,j
891 3368 1402 3487 demiff‘asque
1450 3369 1534 3450 in
1581 3399 1857 3482 aquam
1885 3364 2177 3478 faces,
2236 3370 2423 3481 'quia
2469 3372 2743 3463 vivum
2774 3367 3107 3488 sulphur

370 3520 549 3573 eum
587 3483 793 3572 calce
843 3490 1093 3570 inerat
1140 3541 1167 3594 ,
1228 3489 1528 3603 integra
1545 3486 1884 3602 flamma
1927 3483 2348 3600 efferebant
2371 3549 2394 3572 .

499 3612 749 3692 Faces
808 3609 1060 3723 igitur
1104 3607 1384 3689 multis
1431 3605 1530 3689 de
1575 3603 2371 3691 cauffisferebantur
2415 3668 2442 3713 ,
2522 3631 2660 3692 aut
2717 3608 3100 3694 videlicet

380 3724 483 3812 ad
542 3722 798 3809 noffis
845 3722 1382 3810 discutiendas
1432 3725 1806 3820 tenebras
1846 3784 1878 3830 ‚,
1954 3748 2094 3808 aut
2147 3723 2851 3818 adimitationem
2916 3733 3105 3811 Pro·
3150 3824 3156 3829 ,

380 3844 712 3956 serpinae
758 3846 1150 3926 Cererem
1213 3843 1696 3955 quaerenti3‚
1758 3864 1899 3924 aut
1947 3841 2046 3924 ad
2095 3845 2671 3957 purgationem
2721 3845 2975 3928 animi
3014 3843 3102 3926 fi-

378 3957 924 4078 gnificandam
973 4018 996 4040 .
1056 3961 1228 4073 Qi
1278 3961 1605 4046 vero-in
1659 3960 1983 4044 Cereris
2032 4017 2059 4065 ‚
2124 3961 2577 4065 Bacc'hive',
2646 3963 3097 4046 aliorumve

379 4083 752 4164 Deorum
790 4079 1028 4162 {acris
1074 4076 1287 4161 faces
1338 4076 1729 4161 tenebant
1778 4137 1806 4182 ,
1870 4077 2004 4159 vel
2051 4075 2530 4166 deferebant
2569 4141 2593 4182 ,
2678 4080 2888 4191 quod
2936 4079 3100 4161 offi-

306 4203 313 4208 ’
381 4200 603 4283 cium
648 4224 810 4279 non
848 4193 1266 4305 cujuslibet
1315 4193 1468 4278 fuit
1517 4193 1644 4277 sed
1694 4192 2020 4302 alicujus
2072 4194 2394 4305 rriystae,
2456 4194 2796 4305 δᾳδὲἕκοι,
2847 4192 3106 4276 Dadu-

377 4314 509 4398 chi
551 4312 745 4406 diffl
790 4312 971 4419 sung
1001 4345 1047 4420 ,·
1086 4313 1351 4397 veluti
1405 4305 1617 4402 δοίιδοι
1678 4307 1956 4425 ἔχοντές
1979 4306 2240 4419 facem
2307 4331 2648 4396 tenentes
2671 4367 2700 4396 .*
2857 4397 2882 4407 ,,

310 4463 313 4464 ἢ
503 4437 699 4517 Haec
749 4432 1024 4544 itaque
1083 4434 1349 4543 prima
1403 4430 1694 4511 mulier
1755 4425 2055 4535 δᾳδὲξκος
2113 4429 2273 4511 dici
2343 4428 2599 4541 potest
2678 4424 3109 4537 facitenens

383 4577 772 4664 nempe·-
846 4546 995 4632 ‘Est
1045 4549 1187 4631 illa
1270 4547 1531 4632 veluti
1590 4543 1753 4627 dux
1844 4546 2191 4658 agminis
2260 4605 2288 4651 ,
2383 4548 2606 4628 viam
2676 4548 3107 4635 comitibus

358 4670 763 4783 'aperiens
810 4725 837 4775 ,
895 4668 976 4750 8<
1040 4667 1350 4751 lumine
1420 4661 2083 4780 praemonstranS.
2138 4666 2536 4749 Praeterea
2582 4689 2668 4750 ut
2719 4666 3106 4777 obvium,

1603 4783 1689 4868 D
2903 4788 2991 4868 ni
