4484 5850
2836 571 2929 633 21

395 662 779 747 vicimus!
818 667 1115 746 Nomen
1167 656 1365 744 illud
1410 660 1612 775 quod
1662 657 1808 744 alii
1837 659 2088 778 primo
2123 660 2411 775 statim
2437 662 2921 781 principatus
2956 573 3119 773 iiie,

396 806 488 864 ut
532 780 1026 897 Imperatoris
1059 842 1084 888 ‚
1151 778 1251 864 Θ
1322 778 1650 889 Caesaris
1716 803 2150 896 receperunt
2181 842 2209 889 ,
2270 779 2502 895 usque
2555 814 2638 865 co
2694 780 3118 895 distulisti,

389 901 626 983 donec
683 926 770 982 tu
819 930 1113 1011 quoquc
1179 897 1698 1012 beneficiorum
1772 925 2068 981 tuorum
2127 898 2611 1015 parciffi'mus
2650 902 3054 1012 aestimator
3086 964 3113 1009 ,

373 1018 549 1120 jam
605 1041 686 1099 te
732 1018 1001 1100 mereri
1057 1011 1421 1125 fatereris
1466 1078 1488 1101 .
1555 1020 1837 1131 Itaque
1885 1013 2038 1129 soli
2111 1020 2443 1100 omnium
2513 1020 2838 1135 contigit
2912 1019 3062 1103 tibi
3084 1082 3113 1132 ‚

390 1160 485 1218 ut
529 1140 772 1218 Pater
804 1134 1097 1218 Patriae
1159 1132 1352 1251 ‘ffis
1397 1198 1425 1244 ‚
1494 1162 1910 1249 antequam
1948 1135 2190 1251 fieres
2224 1195 2246 1218 .

510 1253 882 1339 Vidimus
907 1282 1209 1339 ornnes
1266 1254 1633 1364 Trajano
1675 1254 2014 1340 collatas
2061 1256 2479 1369 praeclaras
2514 1257 3110 1372 appellationes

386 1397 679 1486 praeter
726 1402 978 1456 unum
1003 1375 1333 1488 Optimi
1363 1402 1661 1459 nomen
1690 1434 1717 1480 ,
1764 1372 1979 1488 quod
2029 1374 2114 1456 in
2161 1374 2498 1486 publicis
2547 1376 3107 1460 monumentis

383 1492 866 1605 neutiquam
908 1491 1211 1606 legitur
1238 1552 1265 1598 ‚
1309 1490 1452 1576 nist
1518 1488 1686 1606 post
1745 1490 2060 1576 sextum
2090 1489 2624 1577 Consulatum
2652 1551 2678 1600 ‚
2716 1496 2928 1579 circa
2986 1496 3106 1578 ni-

382 1611 691 1693 mirum
740 1636 1042 1692 annum
1095 1608 1402 1694 Christi
1450 1613 1631 1694 CX.
1695 1639 1882 1697 curn
1941 1633 2223 1695 tamen
2274 1639 2491 1694 nono
2539 1636 2731 1696 ante
2778 1641 2997 1696 anno
3025 1611 3109 1694 id

384 1724 513 1810 illi
561 1727 810 1811 fuerit
857 1756 905 1812 a
955 1730 1264 1812 Senatu
1317 1727 1728 1813 decretum
1766 1788 1798 1834 ,
1875 1750 1964 1811 ut
2030 1756 2136 1813 ex
2209 1728 2478 1813 Plinio
2523 1756 2901 1843 apertum
2950 1727 3107 1814 est.

297 1852 312 1863 “
379 1848 519 1929 En
578 1845 792 1929 illius
835 1847 1128 1929 verba.
1172 1843 1301 1957 [n]
1339 1851 1541 1956 Jam
1599 1843 1788 1959 quid
1836 1870 2003 1929 tam
2069 1841 2315 1930 civile
2346 1908 2374 1954 ‚
2436 1872 2602 1929 tam
2627 1844 3102 1958 finatorium
3139 1848 3247 1973 (¹2⁰
3283 1848 3549 1921 mee·

437 1993 613 2044 uam
667 1956 871 2048 illud
926 1963 1277 2045 additum
1337 1998 1386 2045 a
1441 1962 1648 2047 nobis
1712 1965 2016 2080 Optimi
2082 1960 2543 2078 cognomen?
2594 1962 2836 2092 Qod
2939 1968 3102 2048 ‘ecu-
3251 1937 3323 1976 m.
3372 1939 3429 1979 ²⁶

372 1995 571 2163 ἵὶοτσ
626 2077 842 2179 hujus
882 2079 981 2165 Θ
1014 2081 1407 2198 proprium
1429 2142 1456 2187 ,
1501 2082 1942 2196 arrogantia
1975 2080 2315 2198 priorum
2371 2081 2818 2198 Principum
2900 2083 3055 2166 ecit
3078 2140 3104 2168 .

373 2196 500 2310 [o]
531 2203 601 2307 J
606 2197 886 2310 ustisnc
935 2198 1027 2282 de
1070 2197 1343 2313 cauffis
1388 2202 1719 2283 Senatus
1750 2261 1777 2308 ‚
1836 2195 2308 2315 populusque
2352 2201 2745 2291 Romanus
2824 2202 3098 2315 optimi
3131 2224 3207 2292 (o)
3248 2227 3508 2293 Panem.

378 2318 531 2399 tibi
591 2348 985 2434 cognomen
1064 2313 1413 2417 adjecit?
1499 2322 1881 2399 Paratum
1943 2316 2027 2399 id
2101 2315 2408 2429 quidem
2455 2377 2480 2423 ,
2545 2314 2646 2400 θ’
2706 2318 2788 2400 in
2853 2317 3100 2401 medio
3176 2317 3325 2354 ''⁸¹²’‘
3376 2304 3466 2367 ⁸⁷·

359 2433 712 2552 posttum
749 2499 777 2545 ,
846 2465 1129 2517 novum
1182 2460 1442 2518 tamen
1465 2467 1498 2517 .·
1548 2433 1751 2547 scias
1806 2435 2186 2517 neminem
2246 2460 2422 2518 ante
2466 2430 2877 2550 meruffl’,
2903 2437 3098 2549 quod

371 2584 522 2636 non
593 2566 758 2637 erat
823 2552 1396 2668 excogitandum
1425 2615 1453 2661 ,
1509 2553 1599 2667 st
1681 2554 1853 2667 quis
1941 2549 2342 2669 meruiffct
2371 2613 2393 2636 .
2487 2558 2585 2637 In
2696 2555 3093 2668 aliquibus

369 2672 925 2759 Numisrnatis
994 2698 1186 2757 ante
1256 2671 1566 2756 sextum
1632 2670 2171 2757 Consulatum
2234 2671 2616 2787 leguntur
2691 2670 2856 2757 haec
2924 2702 3096 2758 ver-

365 2789 478 2873 ba
535 2793 998 2877 OPTIMO
1067 2792 1584 2905 PRINCJPI
1629 2848 1651 2872 .
1703 2795 2013 2899 Verum
2070 2786 2289 2873 aliud
2336 2786 2443 2873 est
2507 2788 2660 2873 hoc
2731 2790 3089 2906 elogium

369 2906 664 2993 addere
714 2909 1261 3023 imperatoriis
1310 2907 1624 3016 titulis,
1684 2906 1900 2993 aliud
1972 2910 2274 3023 optimi
2326 2936 2625 2992 nomen
2692 2933 3091 3024 tanquam

360 3028 767 3141 peculiare
839 3026 1115 3114 iisdem
1166 3056 1679 3141 praeponere,
1724 3052 1971 3122 utex
2031 3029 2159 3110 his
2204 3050 2438 3140 patet
2483 3028 2877 3140 exemplis
2937 3030 3094 3110 Im-

347 3144 700 3261 peratori
727 3207 752 3252 ‚
789 3146 1075 3258 Caesari
1103 3207 1128 3252 ‚
1168 3150 1502 3252 Nervae,
1551 3143 1943 3251 Trajano,
1991 3144 2336 3257 Augusto
2384 3145 2886 3251 Germanico,
2929 3147 3090 3227 Da·

358 3262 570 3370 cico,·
614 3262 988 3376 Pontifici
1036 3265 1441 3369 Maximo,
1486 3259 1950 3344 Tribunitiae
1975 3259 2436 3376 potestatis,
2488 3257 2812 3368 Considi
2863 3262 3089 3371 quin·

354 3405 528 3463 tum
552 3441 579 3486 ,
624 3382 855 3462 Patri
918 3381 1207 3464 Patriae
1253 3441 1279 3487 ,
1344 3384 1673 3463 Senatus
1696 3438 1724 3486 ,
1800 3372 2285 3493 Populusquc
2341 3376 2737 3458 Romanus
2804 3378 3087 3492 optimo

353 3499 712 3613 Principi
736 3561 762 3607 ,
798 3498 1297 3616 Imperatori,
1344 3494 1636 3607 Caesari
1659 3555 1683 3603 ‚
1709 3500 2033 3602 Nerva,
2076 3492 2466 3601 Trajano,
2502 3493 2816 3608 Optimo
2836 3556 2865 3603 ,
2914 3498 3084 3577 Au·

348 3615 575 3730 gusto
628 3614 786 3700 &a
832 3684 860 3726 ‚
935 3617 1149 3730 quod
1221 3613 1537 3701 nonnisi
1597 3615 1682 3697 in
1732 3615 2087 3697 nummis
2157 3612 2511 3697 occurrit
2583 3609 2760 3727 post
2827 3610 3081 3700 vistos

353 3741 818 3840 Armenes,
866 3737 941 3818 81
1006 3735 1355 3819 Parthos
1416 3728 1758 3817 excusis,

475 3854 799 3934 Decreto
874 3852 1431 3936 Decurionum.
1490 3849 2050 3946 Decurionum
2105 3846 2686 3964 Magistratum
2755 3877 2936 3935 eam
2985 3851 3075 3936 in

351 3972 875 4084 municipiis,
944 3974 1021 4053 8<
1067 3973 1401 4055 coloniis
1444 3963 1926 4083 potestatem
1976 3967 2385 4073 habuisse,
2433 3995 2683 4081 quam
2728 3968 3075 4052 Senatus

352 4092 641 4172 Roma:
705 4089 1081 4172 omnibus
1138 4113 1426 4171 notum
1491 4082 1598 4168 est
1648 4139 1671 4166 .
1744 4088 2024 4197 Atque
2105 4084 2431 4168 illorum
2500 4085 2889 4198 praecipue
2955 4081 3075 4193 jus

352 4202 515 4289 fuit
581 4204 926 4291 honores
973 4264 1001 4312 ,
1062 4207 1347 4319 quibus
1415 4200 1728 4286 vellent
1774 4200 2259 4309 decernere,
2324 4225 2570 4314 atque
2618 4201 2735 4286 ita
2788 4229 3072 4286 eorum

351 4319 548 4432 juffu
633 4322 796 4408 haec
854 4321 1219 4434 Trajano
1287 4319 1702 4435 inscriptio
1771 4347 1955 4405 curn
2050 4317 2320 4431 aliqua
2398 4313 2717 4402 fortasse
2811 4316 3069 4406 statua

345 4439 707 4524 decreta.

1543 4908 1630 4996 O
1686 4917 1744 5015 4'
2693 4910 2951 4992 XVII.
