4484 5850
384 548 842 689 pelletstili
918 551 1140 663 Diis
1204 551 1717 658 dedicanda
1767 589 2101 661 notare
2151 561 2828 699 epigrammate
2880 575 3094 672 moe

378 691 571 791 fuit
630 696 1030 833 antiqui-s
1069 772 1095 814 ,
1166 731 1366 799 non
1431 696 2098 801 historicorum
2156 704 2466 804 solum
2506 783 2533 825 ‚
2614 707 2780 809 sed
2832 744 3091 811 vete-.-

371 867 603 970 ‚rum
674 841 1175 937 Poetarum
1220 914 1248 955 ,
1319 841 1478 974 qui
1534 840 1709 938 toti
1761 840 1978 940 sunt
2027 845 2136 944 in
2185 846 2609 994 moribus
2685 851 3084 986 antiquie

371 976 585 1072 tatis
645 979 1324 1114 exprimendis,
1348 978 1897 1081 testimonio
1933 983 2373 1119 probatus
2414 1063 2433 1084 .
2504 990 2847 1094 Unum
2884 1023 3084 1092 tan⁶

370 1145 583 1213 tum
640 1117 800 1219 hic
860 1121 961 1218 in
1041 1117 1475 1221 medium
1560 1121 1965 1223 afferam
2037 1126 2455 1228 Cornelii
2513 1130 2907 1264 Nepotis
2945 1131 3083 1231 lo-

371 1289 598 1353 cum
668 1262 776 1358 in
846 1261 1358 1381 Pausania,
1418 1297 1606 1399 quo
1661 1262 2120 1384 docemur
2155 1343 2184 1386 ‚
2254 1269 2583 1402 quanti
2661 1267 3082 1371 facerent

364 1398 666 1503 Graeci
732 1398 986 1500 hanc
1042 1395 1524 1503 viotoruin
1579 1403 1993 1504 hostium
2053 1407 2457 1543 gloriam
2490 1485 2521 1529 ,
2577 1406 2701 1509 ssc
2788 1445 3077 1545 quatr-

362 1565 563 1636 tam
625 1539 1014 1641 illorum
1079 1543 1245 1643 fibi
1299 1540 1813 1667 conflarent
1873 1547 2340 1647 invidiam
2388 1623 2420 1668 ‚
2499 1547 2659 1685 qui
2728 1547 2831 1647 id
2908 1549 3077 1649 ho·

354 1680 604 1777 noris
671 1680 842 1779 fibi
920 1717 1121 1800 non
1181 1691 1379 1818 jure
1447 1688 1818 1822 optimo
1875 1687 2413 1790 tribuerent
2452 1766 2473 1786 .
2540 1702 3078 1814 Reprehensus

352 1832 477 1918 ait
537 1819 1184 1959 (Pausanias)
1251 1843 1456 1962 quod
1523 1868 1766 1966 quum
1835 1867 1937 1925 ex
1992 1844 2271 1952 prada
2330 1842 2711 1955 tripodem
2740 1871 3073 1930 aureum

356 1973 706 2082 Delphis
761 1976 1135 2092 posutffit
1207 1985 1763 2097 epigrammate
1809 1981 2120 2091 scripto
2195 2047 2223 2086 ,
2303 1984 2390 2065 in
2430 1969 2613 2108 'quo
2680 2005 2853 2069 erat
2919 1972 3079 2070 haec

338 2111 728 2223 sententia
772 2179 797 2219 ,
845 2116 1001 2222 suo
1069 2119 1307 2204 dabla
1377 2122 1762 2204 barbaros
1826 2124 2038 2234 apud
2105 2126 2433 2207 Plateas
2498 2125 2644 2237 effi?
2712 2124 2999 2207 deletos
3037 2181 3071 2223 ,

347 2254 655 2365 ejusque
726 2256 1076 2342 vibi‘oriae
1142 2289 1325 2376 ergo
1392 2261 1787 2373 «Apollini
1855 2263 2138 2347 donum
2207 2262 2555 2376 dediffe3
2614 2249 2753 2346 has
2793 2259 3075 2368 versus·

350 2396 882 2482 Lacedemonii
952 2401 1502 2511 exculpserunt
1538 2466 1566 2507 ,
1635 2430 1773 2488 nec
1841 2403 2074 2486 aliud
2138 2400 2757 2513 inscripserunt,
2820 2425 3065 2525 quam

346 2539 665 2620 nomina
735 2539 1179 2625 Civitatum
1224 2605 1250 2645 ,
1315 2567 1656 2653 quarum
1724 2543 2042 2629 auxilio
2111 2542 2367 2651 Pevgfae
2427 2562 2657 2627 erant
2718 2531 2921 2626 vicli
2957 2601 2983 2625 .
3030 2649 3043 2658 .

489 2661 680 2763 Sed
773 2663 1060 2766 ‚enim
1147 2668 1413 2766 nulla
1483 2675 1791 2800 major
1870 2665 2603 2803 inscriptionum
2696 2668 2967 2800 copia
3035 2681 3072 2783 ζ

344 2837 628 2935 quam
707 2800 1418 2942 sepulcraliurn.
1493 2812 1677 2904 Hae
1724 2805 2168 2903 omnibus
2214 2806 2321 2902 in
2400 2802 2809 2941 Syllogis
2872 2837 3067 2903 ma-

331 2947 649 3073 “iorem
720 2978 1092 3080 partem
1182 2977 1644 3083 occupant
1722 3022 1741 3042 .
1830 2946 2330 3082 Sapienter
2423 2944 2523 3045 id
2590 3022 2621 3066 ,
2690 2977 2807 3043 ut
2872 2944 3064 3045 alia

283 3114 304 3121 ·
344 3084 711 3201 multa,
781 3086 899 3182 ab
959 3087 1365 3221 antiquis
1459 3080 2065 3219 usurpatum.
2142 3090 2401 3183 Nam
2444 3080 3067 3220 quemadmo-

341 3222 576 3322 dum
618 3226 1072 3325 vivorum
1122 3227 1427 3363 elogia
1499 3222 1968 3321 invidiam
2014 3226 2326 3358 potius
2378 3298 2403 3340 ‚
2453 3258 2741 3459 Ξυειιῃ
2776 3258 3065 3321 aernu-

342 3363 808 3463 lationem
875 3368 1190 3484 cient,
1257 3369 1390 3464 ita
1460 3367 1563 3462 in
1628 3395 2231 3462 mortuorum
2304 3363 2459 3461 lau
2530 3396 2625 3460 es
2675 3362 3061 3497 pronior

348 3501 482 3600 est
563 3504 1078 3605 hominum
1154 3507 1654 3620 voluntas,
1722 3500 1840 3601 &
1906 3501 2022 3602 de
2070 3501 2395 3600 medio
2466 3500 3056 3599 sublatorum

339 3646 831 3742 memoria:
925 3646 1409 3746 consulere
1482 3676 1680 3741 non
1752 3641 2061 3742 solum
2133 3641 2563 3742 solamen
2625 3638 3057 3775 supersti-

332 3814 553 3881 tum
626 3782 813 3883 fuit
858 3861 884 3901 ,
976 3785 1139 3884 sed
1206 3784 1325 3883 ad
1395 3780 1795 3920 gloriam
1866 3785 2158 3882 etiam
2226 3778 2837 3916 quaerendam
2898 3777 3054 3877 iis?-

335 3922 565 4023 dem
644 3924 1448 4024 incitamentum.
1528 3922 1967 4057 Plerique
2035 3924 2271 4023 vero
2323 3918 2777 4022 consueto
2842 3917 3051 4019 suo-

329 4097 556 4162 rum
649 4065 1094 4163 manibus
1167 4063 1783 4197 parentabant
1875 4062 2245 4161 honore
2295 4134 2326 4177 ,
2402 4093 2621 4158 tum
2700 4091 2809 4161 ut
2880 4056 3055 4158 suo

321 4201 793 4302 defiderio
863 4199 1535 4303 satisfacerent
1576 4277 1604 4318 ,
1696 4196 1907 4300 tum
1963 4202 2180 4333 quia
2250 4198 2613 4298 iisdem
2674 4230 3052 4330 pergra-

313 4374 536 4441 tum
600 4419 626 4459 ,
707 4341 825 4440 8ζ
885 4336 1293 4443 utile'id
1342 4341 1659 4478 ipsum
1731 4336 2376 4439 existimarent
2416 4414 2439 4434 .
2506 4340 2719 4434 Nec
2788 4334 3048 4433 hunc

318 4479 808 4583 honorem
860 4483 1298 4583 homines
1351 4559 1378 4601 ‚
1436 4482 1672 4580 dum
1721 4482 2162 4580 viverent
2196 4553 2221 4595 ‚
2268 4476 2737 4613 aspernati
2785 4473 3048 4590 sunt,

308 4623 629 4724 immo
701 4623 1248 4763 ,providere
1329 4622 1810 4729 nonnullis
1896 4618 2248 4759 placuit
2289 4691 2316 4737 ‚
2409 4616 2791 4851 quoj1111
2837 4613 3049 4715 loco

2795 4786 2901 4852 u-
