4484 5850
1462 446 1632 505 110

1338 534 1857 653 Chronologi
1919 532 2550 650 supputatione,
2610 535 2688 620 8<
2738 556 3068 621 centurn
3105 534 3409 650 viginti
3460 538 3893 623 marmoris
3917 538 4013 624 Se
4032 537 4093 647 15

1328 657 1668 771 deniani
1694 655 2002 740 calculo
2040 713 2063 737 .
2125 655 2921 740 Petaviuslib.X111.
2945 682 3136 769 pag.
3167 681 3361 766 531.
3410 649 4089 772 Argonautarum

1331 774 1962 893 navigationem
2012 773 2274 883 rejicit
2325 776 2411 858 in
2465 802 2773 859 annum
2826 773 3108 857 mundi
3170 775 4091 882 CIDCIDDCCXXI„

1328 921 1528 982 ante
1613 894 1908 978 AEram
1976 893 2402 1009 vulgarem
2490 893 3154 980 CIDCCLXIII.
3220 892 3646 978 Calmetus
3709 921 3903 977 vero
3987 892 4090 978 ad

1333 1041 1649 1101 annum
1768 1008 2060 1095 mundi
2179 1011 3156 1100 CIDCIDDCCXXXI.
3214 1069 3244 1119 ,
3356 1038 3551 1095 ante
3671 1008 4093 1096 Christum

1331 1133 2006 1228 CIDCCLXIX.
2067 1128 2241 1213 Alii
2304 1130 2466 1215 alia
2527 1153 3025 1242 opinantur,
3088 1157 3239 1213 nec
3302 1154 3477 1215 tam
3529 1126 3769 1212 facile
3837 1127 3945 1214 est
3991 1132 4092 1214 de

1335 1253 1498 1350 hac
1561 1278 1646 1334 re
1707 1247 2208 1332 sententiam
2274 1246 2637 1363 proferre
2687 1306 2710 1330 .
2795 1250 3213 1334 Hortante
3296 1245 3582 1363 Jasone
3655 1246 4091 1334 Theffaliae

1333 1375 1568 1485 Rege
1619 1366 2246 1483 navigationem
2310 1366 2695 1481 Orpheus
2767 1362 3151 1480 suscepit,
3211 1367 3289 1448 8<
3355 1370 4090 1481 Argonautarum,

1333 1491 1921 1601 sociorumque
1968 1485 2285 1569 labores
2335 1486 2830 1594 carminibus
2890 1482 3373 1602 descripsisse
3424 1483 4095 1600 sertui-,quaeque

1338 1609 1600 1694 etiam
1667 1632 1880 1690 nunc
1943 1605 2269 1720 integra
2330 1602 2747 1719 supersunt
2784 1633 2811 1717 3
2889 1632 3359 1719 quanquam
3441 1603 3737 1716 horum
3827 1605 4098 1722 Argo·

1341 1726 1861 1812 nauticorum
1928 1719 2120 1806 teste
2167 1721 2410 1808 Suida
2465 1719 2743 1828 autstor
2802 1718 2913 1805 est
2965 1722 3345 1836 Orpheus
3406 1722 3617 1805 alter
3645 1725 4093 1807 Crotonia-

1341 1869 1464 1931 tes
1515 1903 1541 1950 ,
1601 1842 1767 1926 sive
1830 1842 2419 1927 Onomacritus
2486 1838 2888 1926 Pisistrato
2940 1838 3568 1926 Atheniensium
3638 1865 4002 1950 tyranno
4058 1900 4094 1948 ,

1340 1959 1661 2076 ejusque
1712 1959 1893 2044 filiis
1939 1989 2242 2045 coaevus
2275 2020 2296 2044 .
2361 1959 2567 2044 Vide
2609 1959 2965 2064 Voffium
3004 1960 3102 2044 de
3151 1961 3421 2043 Poetis
3448 1960 3743 2044 Graecis
3786 1989 3983 2075 cap.
4011 1988 4097 2069 4·

1343 2081 1788 2178 Albertum
1854 2079 2322 2165 Fabricium
2372 2079 2767 2165 Biblioth.
2811 2081 3097 2164 Graecae
3136 2083 3387 2164 Tom.
3461 2103 3535 2162 1.

1351 2410 1362 2420 ,
1466 2323 1960 2405 Extremam
2019 2315 2511 2403 seneautem
2574 2345 2820 2432 agens
2863 2313 3155 2401 occisus
3204 2312 3312 2398 est
3375 2312 3758 2429 Orpheus
3802 2342 3852 2400 a
3908 2318 4099 2400 Mu-

1347 2436 1723 2537 lieribus.
1785 2439 1870 2520 Si
1933 2465 2130 2521 vera
2177 2434 2344 2522 haec
2405 2432 2924 2522 Constantini
2977 2431 3339 2519 Lascaris
3404 2436 3770 2519 narratio
3828 2493 3855 2540 ,
3915 2462 4094 2532 corf-

1346 2555 1732 2672 rigendus
1785 2553 2130 2662 artifex,
2191 2557 2333 2669 qui
2401 2554 2834 2675 Orpheum
2884 2582 2931 2638 a
2968 2553 3565 2639 Bacchantibus
3593 2550 4097 2667 discerptum

1341 2672 1684 2786 juvenili
1733 2697 1974 2758 aetate
2035 2671 2401 2787 sculpsit.

1468 2906 1876 3022 Eurydice
1938 2935 2188 3018 quum
2237 2905 2549 3019 Aristaei
2602 2908 2847 3026 vulgo
2900 2906 3314 3025 Apollinis
3355 2972 3384 3019 ,
3441 2911 3519 2994 8<
3576 2908 3798 3026 ‘apud
3859 2905 4100 2995 Cice·

1353 3057 1642 3113 ronem
1709 3029 2008 3114 Bacchi
2063 3027 2255 3137 filii,
2316 3031 2394 3113 8<
2461 3029 2829 3115 Arcadiae
2896 3031 3149 3146 Regis
3215 3057 3577 3114 amorem
3641 3026 4099 3146 fugitaret}

1355 3148 1462 3231 ab
1527 3175 1792 3262 angue
1853 3151 1943 3249 in
2000 3148 2259 3235 herba
2317 3148 2636 3235 latente
2692 3145 2856 3235 icta
2907 3148 3280 3235 interiit.
3341 3146 3738 3265 Virgilius
3797 3149 4102 3263 Georg-

1353 3264 1498 3350 lib.
1559 3271 1706 3351 IV.
1768 3295 1848 3351 v.
1908 3292 2108 3379 457.

1588 3472 2338 3617 Illa‘quidem‘dum
2381 3528 2464 3588 te
2491 3484 2982 3619 fu‘'eret'per
3014 3501 3362 3618 flumina
3392 3483 3769 3622 praeceps,
3828 3486 3833 3493 λ

1357 3676 1380 3727 f
1592 3624 2024 3706 Immunem
2070 3646 2252 3705 ante
2289 3623 2518 3740 pedes
2596 3621 2889 3734 ydrum
2923 3683 2950 3730 ,
3020 3622 3390 3706 moritura
3428 3617 3735 3742 puella,

1590 3744 2058 3839 servantem
2105 3741 2320 3859 ripas
2359 3737 2531 3826 alsa
2585 3773 2734 3850 non
2788 3740 3007 3851 vidi?
3057 3743 3142 3851 iasa
3185 3739 3417 3849 herba
3449 3801 3474 3826 .

1367 4032 1384 4053 r
1472 3975 2211 4081 Neminem21atet
2272 3984 2562 4067 Poetas
2622 3974 2971 4069 fabulari
3032 3980 3465 4096 Orpheum
3508 3979 3619 4068 ob
3664 3976 4102 4091 Eurydicis

1354 4096 1714 4215 conjugis
1772 4096 1917 4183 suae
1979 4124 2338 4186 mortem
2405 4125 2646 4186 tanto
2708 4100 2982 4186 dolore
3047 4103 3448 4215 percitum
3508 4096 3786 4205 fuiffe,
3846 4122 3939 4183 ut
3996 4097 4101 4183 ad

1352 4216 1674 4317 ⁸Inferos
1732 4216 1997 4303 sumta
2047 4219 2365 4304 cithara
2412 4250 2558 4334 per
2597 4225 3036 4305 Taenarum
3064 4278 3092 4325 ,
3137 4219 3276 4303 ubi
3324 4218 3718 4303 horribile
3764 4241 4105 4301 antrum

1349 4337 1842 4423 cernebatur
1879 4397 1912 4446 ,
1976 4366 2123 4452 per
2178 4338 2393 4451 quod
2454 4337 2556 4424 ad
2616 4343 2977 4424 Tartara
3035 4336 3297 4422 aditus
3358 4336 3699 4451 patebat
3748 4394 3776 4441 ,
3820 4344 3833 4363 '
3871 4334 4096 4419 illico

1353 4453 1914 4563 descenderit,
1973 4457 2251 4572 ibique
2312 4485 2498 4541 cum
2557 4455 2992 4541 mirificam
3046 4454 3489 4565 quandam,
3521 4451 4100 4538 suavissimam-

1209 4578 1216 4586 '
1345 4601 1510 4687 que
1577 4577 2274 4663 lamentationem
2334 4575 2792 4683 cecinisset,
2853 4577 3288 4658 Plutonem
3363 4573 3564 4658 adeo
3610 4568 4105 4679 demulfiffe,

1342 4718 1598 4817 ,atque
1658 4692 2265 4809 Proserpinam,
2320 4693 2811 4799 Inferorum
2840 4697 3106 4811 Reges
3146 4752 3180 4804 0
3254 4715 3352 4797 ut
3405 4690 3540 4778 ini
3586 4688 4102 4893 ‚EuzydioeQ

1475 4884 1490 4897 .
3550 4858 3551 4861 κ
3672 4828 3687 4837 ·
3777 4816 4005 4892 uam'
