4484 5850
1605 450 1664 530 4
2125 504 2188 563 ἱ

1485 578 1523 622 ι’
1707 607 1720 618 .
1905 595 1929 615 x

2706 542 3051 628 XXII.

1777 782 2586 960 cAERth,
2682 689 3899 962 seussocCAsloe
4148 658 4161 706 ἶ

1693 1006 1968 1095 Ῑέὶιιῑε
2028 1070 2055 1117 ‚
2136 1010 2213 1091 8(
2270 1012 2692 1097 Caelaturae
2773 1030 3151 1094 veterum
3211 1006 3394 1092 sunt
3486 1006 3953 1121 plerumque
4008 1014 4180 1119 quael

1747 1125 1940 1211 dam
2000 1127 2455 1238 symbolicae
2514 1130 2807 1238 lingua
2867 1124 3200 1246 vestigia
3259 1185 3286 1231 ‚
3344 1123 3734 1210 ·&.ficuti
3819 1130 3905 1207 in
3944 1124 4179 1236 expli·

1499 1241 1756 1342 canda
1819 1239 2352 1357 antiquorum
2412 1244 2993 1328 vocabulorum
3077 1239 3660 1356 fignificatione
3743 1239 4025 1324 haeret.
4060 1239 4177 1322 aii·

1496 1360 1820 1471 quando
1880 1360 2464 1446 Grammaticis
2528 1387 2745 1471 aqua
2803 1417 2832 1465 ‚
2913 1361 3034 1443 ita
3109 1358 3272 1443 non
3336 1358 3650 1473 semper
3712 1357 4179 1467 Antiquariis

1502 1476 1588 1558 in
1657 1502 1988 1589 promtu
2047 1474 2158 1561 est
2236 1475 2689 1587 hujufmodi
2766 1474 3296 1591 hieroglyfica
3357 1476 3886 1587 interpretari
3942 1532 3969 1578 ,
4040 1499 4179 1584 quae

1500 1614 1812 1676 veteres
1891 1590 2240 1680 artifices
2322 1623 2538 1706 aeque
2601 1653 2631 1703 ‚
2722 1621 2816 1680 ac
2876 1598 3138 1682 Poetae
3214 1589 3602 1678 cerebrost
3688 1589 4178 1674 marmoribus

1502 1706 2075 1822 consignarunt
2139 1770 2164 1792 .
2248 1709 2727 1820 Huiusmodi
2786 1708 2891 1794 est
2952 1711 3218 1795 alatus
3306 1710 3441 1793 hic
3495 1710 3816 1819 juvenis
3876 1766 3903 1812 ,
3977 1730 4179 1816 quem

1053 1835 1116 1896 t·
1176 1832 1246 1886 ‚a
1279 1823 1476 1887 “kt-
1511 1822 1674 1934 jam
1734 1825 1871 1908 diu
1953 1826 2212 1911 edidit
2273 1827 2658 1913 Marchio
2704 1823 2770 1931 s
2813 1815 2944 1938 i]
3002 1825 3369 1935 Maffejus
3426 1885 3457 1929 ‚
3536 1828 3615 1908 8(
3676 1825 3781 1907 ob
3844 1825 4174 1934 ingentes

1025 1903 1101 1959 ns
1142 1902 1414 1976 ‚nim

1510 1940 1678 2026 alas
1740 1939 2223 2027 Hetruscum
2306 1971 2505 2057 opus
2584 1941 3078 2030 existimavit
3137 2003 3167 2049 ,
3253 1943 3466 2027 nihil
3550 1940 3772 2026 ultra
3833 1935 4179 2023 addidit.

1507 2056 1876 2143 Bilances
1936 2060 2131 2145 laeva
2195 2084 2426 2146 tenet
2484 2123 2514 2169 ‚
2601 2064 2947 2145 alteram
3029 2087 3306 2145 earum
3367 2058 3635 2143 indice
3697 2057 3987 2141 dextrae
4041 2081 4182 2165 pre·

1508 2176 1753 2284 mit13
1835 2202 2172 2288 magnas
2234 2176 2484 2262 habet
2545 2179 2713 2262 alas
2774 2178 2859 2260 in
2931 2177 3293 2260 humeris
3353 2235 3383 2281 ,
3460 2177 3798 2286 exiguas
3857 2176 3939 2256 in
3999 2168 4178 2282 pedi·

1505 2290 1650 2375 bus
1712 2320 1740 2402 ς
1826 2317 2085 2407 magis
2148 2318 2427 2380 tamen
2491 2297 2853 2382 currenti
2915 2350 2945 2400 ‚
3024 2319 3275 2406 quam
3338 2290 3656 2392 volanti
3720 2289 3992 2372 similis
4043 2284 4175 2370 est.
4243 2349 4257 2361 .
4372 2269 4373 2284 '

1505 2406 1886 2522 Agedum
1945 2409 2207 2521 qualis
2267 2412 2526 2524 qualis
2578 2410 2869 2497 saltem
2934 2406 3340 2494 afferenda
3400 2405 3513 2490 est
3572 2404 4061 2516 conjeRura.

1622 2526 1826 2609 Non
1894 2524 2378 2641 Hetruscurn
2442 2529 2698 2612 ullum
2764 2530 3041 2611 Deum
3085 2586 3115 2632 ‚
3176 2554 3436 2636 neque
3498 2525 3997 2612 Mercurium
4034 2579 4061 2625 ,
4111 2536 4178 2599 ut

1504 2641 1686 2753 quis
1750 2638 2071 2724 fortaffe
2136 2639 2382 2755 posset
2446 2645 2828 2756 opinari,
2888 2641 3038 2727 effe
3085 2640 3547 2728 censemus:
3616 2667 3816 2726 nam
3876 2637 3987 2721 isti
4040 2636 4178 2715 Ho-

1506 2785 1772 2841 merus
1810 2817 1838 2865 ‚
1911 2757 1989 2839 8(
2044 2758 2431 2871 Virgilius
2475 2819 2502 2865 ,
2582 2762 2661 2843 8(
2724 2759 3198 2873 Mythologi
3259 2783 3426 2843 non
3489 2758 3751 2843 alatos
3796 2757 4179 2858 humeros,

1509 2897 1651 2960 aut
1716 2873 1955 2988 pedes
1996 2919 2044 2981 ‚·
2080 2871 2207 2959 sed
2271 2875 2567 2989 pedilia
2636 2899 2964 2962 tantum
3013 2937 3040 2983 ,
3101 2875 3232 2961 seu
3294 2875 3588 2965 talaria
3649 2876 4009 2961 tribuunt
4051 2867 4178 2952 ala·

1510 3014 1601 3075 ta
1658 3051 1687 3096 ,
1773 2993 1851 3074 &
1902 2990 2267 3105 petasum
2336 3051 2360 3075 .
2441 2997 2561 3079 At
2620 2993 2677 3079 fi
2734 2999 3047 3080 Graecus
3107 2992 3231 3091 e'st,
3272 2996 3494 3079 Deus
3555 3053 3583 3100 ‚
3661 3022 3904 3110 quem
3954 2996 4176 3077 Deum

1510 3104 1922 3193 finxerunt
1984 3109 2299 3194 alatum
2360 3112 2612 3203 Graeci
2673 3105 2703 3193 ?
2783 3114 3074 3198 Ullum
3138 3139 3238 3194 ne
3302 3113 3551 3194 alium
3615 3137 3905 3224 praeter
3960 3101 4175 3187 Viac-

1509 3225 1721 3308 riam
1772 3284 1800 3331 ‚
1857 3225 1937 3308 8(
2000 3230 2395 3315 Amorem
2458 3224 2488 3310 ?
2583 3231 2887 3343 Utique
2948 3226 3362 3313 interdum
3424 3233 3869 3333 fortunae,
3925 3226 3995 3309 8(
4036 3216 4178 3328 Psy·

1475 3340 1665 3425 'che
1725 3401 1755 3447 ‚
1836 3344 1915 3424 8(
1998 3345 2281 3428 Geniis
2363 3344 2559 3459 saepe
2618 3405 2646 3449 ,
2732 3351 2811 3427 8(
2868 3346 3272 3459 Tempori
3317 3404 3345 3452 ‚
3427 3347 3504 3428 8(
3576 3339 4174 3459 Tempestatibus

1513 3459 1782 3562 anni,
1843 3460 1922 3540 8(
1967 3464 2219 3545 Horis
2253 3521 2280 3567 ,
2338 3463 2417 3543 8(
2479 3465 2875 3576 AEgyptio
2922 3462 3416 3575 Harpocrati
3453 3521 3480 3570 ‚
3541 3463 3620 3545 8(
3667 3464 3849 3546 aliis
3910 3446 4173 3542 fortaffe

1458 3564 1702 3659 ‘Diis
1766 3577 2217 3661 tribuerunt
2285 3578 2452 3662 alas
2493 3579 2840 3664 PiRores
2879 3638 2903 3684 ‚
2962 3581 3040 3662 8(
3087 3581 3590 3692 Sculptore8‚
3650 3582 3935 3691 quibus
3964 3571 4171 3658 multa

1512 3690 1745 3775 licuit
1780 3750 1810 3796 ,
1872 3717 1963 3776 ut
2010 3695 2281 3780 Poetis
2336 3752 2379 3802 ,
2448 3721 2665 3782 nova
2719 3698 3189 3813 excogitare
3242 3756 3273 3803 ,
3350 3695 3429 3778 8(
3487 3699 3830 3783 inventa
3873 3716 4170 3809 augete>

1512 3804 1592 3887 8(
1654 3806 2214 3919 amplificare.
2278 3836 2285 3841 ’

1666 3927 1989 4007 Caerum
2049 3955 2248 4010 vero
2300 3988 2329 4033 ,
2418 3925 2474 4008 fi
2559 3927 2832 4015 nostrae
2892 3930 3108 4015 locus
3167 3927 3300 4016 est·
3336 3926 3797 4040 conjeaurae
3840 3990 3867 4037 ‚
3947 3946 4170 4037 teprae·

1512 4036 1784 4125 sentat
1845 4041 2013 4127 haec
2066 4043 2392 4130 Tabula
2459 4074 2478 4125 ε
2564 4048 2864 4129 Caerum
2910 4109 2940 4155 ‚
3012 4050 3349 4162 inquam
3392 4038 3433 4155 ',
3507 4046 3947 4162 occasionem
3997 4036 4171 4124 vide·

1514 4155 1706 4241 licet
1766 4218 1796 4264 ‚
1876 4157 2004 4241 seu
2065 4183 2357 4274 tempus
2415 4174 2907 4277 opportunum
2965 4224 2992 4270 ,
3073 4189 3212 4250 aut
3274 4192 3727 4249 momentum
3789 4158 3981 4247 illud
4027 4178 4170 4237 tm·

1503 4274 1716 4388 poris
1744 4286 1749 4291 ’
1773 4334 1800 4380 ,
1876 4306 2023 4389 quo
2080 4300 2475 4390 tamquam
2533 4312 2583 4362 a
2638 4282 2817 4364 Diis
2874 4280 3050 4365 dato
3106 4277 3452 4367 celeriter
3509 4280 3871 4366 utendum
3923 4292 4169 4360 veteres

1501 4387 1921 4502 fipientes'
1951 4392 2115 4475 viri
2174 4397 2403 4480 toties
2463 4400 2679 4497 ajunt
2746 4458 2770 4483 .
2854 4401 3145 4484 Graecis
3205 4405 3431 4485 enim
3491 4401 3818 4487 Occafio
3877 4381 4168 4499 §Koupds

1514 4504 1625 4587 est
1684 4566 1714 4612 ,
1793 4509 1870 4591 8(
1933 4512 2152 4595 virili
2217 4516 2702 4628 pingebatur
2759 4514 3014 4631 specie
3070 4578 3099 4624 ,
3183 4510 3431 4632 quare
3492 4516 3860 4608 Phaedrus
3913 4518 4168 4602 Graecoss

1517 4615 1823 4708 secutus
1880 4629 2004 4715 ita
2062 4627 2245 4718 lusit
2306 4634 2613 4725 Fabula
2668 4631 2952 4726 octava
3016 4634 3205 4747 libri
3254 4636 3582 4750 quinti.

3904 4749 4078 4841 Gurg
