<?xml version="1.0" encoding="UTF-8"?>
<!DOCTYPE html PUBLIC "-//W3C//DTD XHTML 1.0 Transitional//EN"
    "http://www.w3.org/TR/xhtml1/DTD/xhtml1-transitional.dtd">
<html xmlns="http://www.w3.org/1999/xhtml" xml:lang="en" lang="en">
 <head>
  <title>
</title>
<meta http-equiv="Content-Type" content="text/html;charset=utf-8" />
  <meta name='ocr-system' content='tesseract 3.04.00' />
  <meta name='ocr-capabilities' content='ocr_page ocr_carea ocr_par ocr_line ocrx_word'/>
</head>
<body>
  <div class='ocr_page' id='page_1' title='image "./marmorataurinen00ricogoog_0093.png"; bbox 0 0 4484 5850; ppageno 0'>
   <div class='ocr_carea' id='block_1_1' title="bbox 1212 582 2352 935">
    <p class='ocr_par' dir='ltr' id='par_1_1' title="bbox 1212 582 2352 935">
     <span class='ocr_line' id='line_1_1' title="bbox 1669 582 1875 665; baseline -0.015 0"><span class='ocrx_word' id='word_1_1' title='bbox 1669 582 1875 665; x_wconf 91' lang='lat' dir='ltr'><strong>IV.</strong></span> 
     </span>
     <span class='ocr_line' id='line_1_2' title="bbox 1212 758 2352 935; baseline 0.001 -3"><span class='ocrx_word' id='word_1_2' title='bbox 1212 758 2352 935; x_wconf 65' lang='lat' dir='ltr'>ALTERA</span> 
     </span>
    </p>
   </div>
   <div class='ocr_carea' id='block_1_2' title="bbox 700 1090 2800 1216">
    <p class='ocr_par' dir='ltr' id='par_1_2' title="bbox 700 1090 2800 1216">
     <span class='ocr_line' id='line_1_3' title="bbox 700 1090 2800 1216; baseline 0.001 -3"><span class='ocrx_word' id='word_1_3' title='bbox 700 1090 2800 1216; x_wconf 89' lang='lat' dir='ltr'><strong>BACCHANTI·UM</strong></span> 
     </span>
    </p>
   </div>
   <div class='ocr_carea' id='block_1_3' title="bbox 1162 1373 2355 1496">
    <p class='ocr_par' dir='ltr' id='par_1_3' title="bbox 1162 1373 2355 1496">
     <span class='ocr_line' id='line_1_4' title="bbox 1162 1373 2355 1496; baseline 0 -2"><span class='ocrx_word' id='word_1_4' title='bbox 1162 1373 2355 1496; x_wconf 89' lang='lat' dir='ltr'><strong>TABULA.</strong></span> 
     </span>
    </p>
   </div>
   <div class='ocr_carea' id='block_1_4' title="bbox 397 1633 3106 1870">
    <p class='ocr_par' dir='ltr' id='par_1_4' title="bbox 397 1633 3106 1870">
     <span class='ocr_line' id='line_1_5' title="bbox 397 1633 3106 1853; baseline 0.002 -136"><span class='ocrx_word' id='word_1_5' title='bbox 397 1633 963 1853; x_wconf 77' lang='lat' dir='ltr'><strong>ALtera</strong></span> <span class='ocrx_word' id='word_1_6' title='bbox 938 1663 1121 1743; x_wconf 68' lang='lat' dir='ltr'><strong>jam</strong></span> <span class='ocrx_word' id='word_1_7' title='bbox 1182 1633 1268 1748; x_wconf 89' lang='lat' dir='ltr'><strong>sp</strong></span> <span class='ocrx_word' id='word_1_8' title='bbox 1272 1634 1612 1721; x_wconf 60' lang='lat' dir='ltr'><strong>estanda</strong></span> <span class='ocrx_word' id='word_1_9' title='bbox 1673 1634 1785 1720; x_wconf 89' lang='lat' dir='ltr'><strong>est</strong></span> <span class='ocrx_word' id='word_1_10' title='bbox 1860 1633 2448 1722; x_wconf 87' lang='lat' dir='ltr'><strong>Bacchantium</strong></span> <span class='ocrx_word' id='word_1_11' title='bbox 2512 1637 2801 1723; x_wconf 85' lang='lat' dir='ltr'>cohors</span> <span class='ocrx_word' id='word_1_12' title='bbox 2849 1666 3106 1753; x_wconf 86' lang='lat' dir='ltr'>nuper</span> 
     </span>
     <span class='ocr_line' id='line_1_6' title="bbox 698 1750 3106 1870; baseline 0.002 -36"><span class='ocrx_word' id='word_1_13' title='bbox 698 1750 1105 1866; x_wconf 82' lang='lat' dir='ltr'><strong>descriptae</strong></span> <span class='ocrx_word' id='word_1_14' title='bbox 1163 1750 1438 1836; x_wconf 86' lang='lat' dir='ltr'><strong>fimilis</strong></span> <span class='ocrx_word' id='word_1_15' title='bbox 1491 1814 1517 1860; x_wconf 88' lang='lat'>,</span> <span class='ocrx_word' id='word_1_16' title='bbox 1577 1755 1656 1835; x_wconf 78' lang='lat'><strong>8&lt;</strong></span> <span class='ocrx_word' id='word_1_17' title='bbox 1715 1752 1944 1837; x_wconf 90' lang='lat' dir='ltr'><strong>velut</strong></span> <span class='ocrx_word' id='word_1_18' title='bbox 2006 1779 2109 1837; x_wconf 84' lang='lat' dir='ltr'><strong>ex</strong></span> <span class='ocrx_word' id='word_1_19' title='bbox 2172 1753 2506 1840; x_wconf 85' lang='lat' dir='ltr'><strong>adverso</strong></span> <span class='ocrx_word' id='word_1_20' title='bbox 2568 1753 3106 1870; x_wconf 73' lang='lat' dir='ltr'><strong>respondem.</strong></span> 
     </span>
    </p>
   </div>
   <div class='ocr_carea' id='block_1_5' title="bbox 380 1868 3115 4675">
    <p class='ocr_par' dir='ltr' id='par_1_5' title="bbox 380 1868 3115 4675">
     <span class='ocr_line' id='line_1_7' title="bbox 384 1868 3114 1997; baseline 0.003 -47"><span class='ocrx_word' id='word_1_21' title='bbox 384 1875 770 1984; x_wconf 77' lang='lat' dir='ltr'><strong>Quatuor</strong></span> <span class='ocrx_word' id='word_1_22' title='bbox 831 1872 1113 1953; x_wconf 88' lang='lat' dir='ltr'><strong>itidem</strong></span> <span class='ocrx_word' id='word_1_23' title='bbox 1183 1871 1509 1954; x_wconf 86' lang='lat' dir='ltr'><strong>Bacchae</strong></span> <span class='ocrx_word' id='word_1_24' title='bbox 1570 1868 1826 1955; x_wconf 88' lang='lat' dir='ltr'><strong>sunt·</strong></span> <span class='ocrx_word' id='word_1_25' title='bbox 1801 1939 1827 1982; x_wconf 85' lang='lat'>,</span> <span class='ocrx_word' id='word_1_26' title='bbox 1914 1899 2061 1983; x_wconf 90' lang='lat' dir='ltr'><strong>par</strong></span> <span class='ocrx_word' id='word_1_27' title='bbox 2123 1900 2500 1997; x_wconf 84' lang='lat' dir='ltr'><strong>numerus</strong></span> <span class='ocrx_word' id='word_1_28' title='bbox 2548 1934 2574 1980; x_wconf 88' lang='lat'>,</span> <span class='ocrx_word' id='word_1_29' title='bbox 2655 1903 2871 1988; x_wconf 85' lang='lat' dir='ltr'><strong>aeque</strong></span> <span class='ocrx_word' id='word_1_30' title='bbox 2908 1873 3114 1957; x_wconf 86' lang='lat' dir='ltr'><strong>hila-</strong></span> 
     </span>
     <span class='ocr_line' id='line_1_8' title="bbox 386 1984 3109 2103; baseline 0.002 -34"><span class='ocrx_word' id='word_1_31' title='bbox 386 1987 497 2069; x_wconf 87' lang='lat' dir='ltr'><strong>ris</strong></span> <span class='ocrx_word' id='word_1_32' title='bbox 557 2015 924 2099; x_wconf 85' lang='lat' dir='ltr'><strong>pompa:</strong></span> <span class='ocrx_word' id='word_1_33' title='bbox 989 1984 1241 2071; x_wconf 89' lang='lat' dir='ltr'><strong>vestes</strong></span> <span class='ocrx_word' id='word_1_34' title='bbox 1300 1986 1895 2072; x_wconf 80' lang='lat' dir='ltr'><strong>eaedem.1stae</strong></span> <span class='ocrx_word' id='word_1_35' title='bbox 1958 2013 2237 2073; x_wconf 90' lang='lat' dir='ltr'><strong>tamen</strong></span> <span class='ocrx_word' id='word_1_36' title='bbox 2301 2019 2583 2074; x_wconf 89' lang='lat' dir='ltr'><strong>omnes</strong></span> <span class='ocrx_word' id='word_1_37' title='bbox 2640 2016 2936 2103; x_wconf 84' lang='lat' dir='ltr'><strong>praeter</strong></span> <span class='ocrx_word' id='word_1_38' title='bbox 2993 2013 3109 2074; x_wconf 87' lang='lat' dir='ltr'><strong>ta-</strong></span> 
     </span>
     <span class='ocr_line' id='line_1_9' title="bbox 390 2104 3114 2221; baseline 0.002 -36"><span class='ocrx_word' id='word_1_39' title='bbox 390 2104 646 2185; x_wconf 86' lang='lat' dir='ltr'><strong>larem</strong></span> <span class='ocrx_word' id='word_1_40' title='bbox 703 2162 731 2207; x_wconf 88' lang='lat'>,</span> <span class='ocrx_word' id='word_1_41' title='bbox 818 2105 895 2185; x_wconf 75' lang='lat'><strong>8&lt;</strong></span> <span class='ocrx_word' id='word_1_42' title='bbox 966 2106 1428 2188; x_wconf 88' lang='lat' dir='ltr'><strong>breviorem</strong></span> <span class='ocrx_word' id='word_1_43' title='bbox 1507 2104 1930 2210; x_wconf 85' lang='lat' dir='ltr'><strong>tunicam,</strong></span> <span class='ocrx_word' id='word_1_44' title='bbox 2011 2105 2322 2217; x_wconf 83' lang='lat' dir='ltr'><strong>pallam</strong></span> <span class='ocrx_word' id='word_1_45' title='bbox 2375 2106 2703 2213; x_wconf 82' lang='lat' dir='ltr'><strong>adhuc,</strong></span> <span class='ocrx_word' id='word_1_46' title='bbox 2759 2107 2888 2192; x_wconf 88' lang='lat' dir='ltr'><strong>seu</strong></span> <span class='ocrx_word' id='word_1_47' title='bbox 2945 2107 3114 2221; x_wconf 91' lang='lat' dir='ltr'><strong>pal-</strong></span> 
     </span>
     <span class='ocr_line' id='line_1_10' title="bbox 386 2220 3110 2333; baseline 0.001 -29"><span class='ocrx_word' id='word_1_48' title='bbox 386 2220 613 2304; x_wconf 86' lang='lat' dir='ltr'><strong>lium</strong></span> <span class='ocrx_word' id='word_1_49' title='bbox 666 2223 919 2304; x_wconf 87' lang='lat' dir='ltr'><strong>variis</strong></span> <span class='ocrx_word' id='word_1_50' title='bbox 990 2223 1321 2305; x_wconf 85' lang='lat' dir='ltr'><strong>flexibus</strong></span> <span class='ocrx_word' id='word_1_51' title='bbox 1390 2222 1708 2333; x_wconf 84' lang='lat' dir='ltr'>corpori</span> <span class='ocrx_word' id='word_1_52' title='bbox 1773 2280 1801 2327; x_wconf 83' lang='lat'>,</span> <span class='ocrx_word' id='word_1_53' title='bbox 1882 2243 1974 2304; x_wconf 91' lang='lat' dir='ltr'><strong>ut</strong></span> <span class='ocrx_word' id='word_1_54' title='bbox 2041 2221 2424 2308; x_wconf 83' lang='lat' dir='ltr'><strong>Plautina</strong></span> <span class='ocrx_word' id='word_1_55' title='bbox 2497 2247 2833 2308; x_wconf 88' lang='lat' dir='ltr'><strong>utamur</strong></span> <span class='ocrx_word' id='word_1_56' title='bbox 2879 2253 3110 2331; x_wconf 89' lang='lat' dir='ltr'><strong>voce,</strong></span> 
     </span>
     <span class='ocr_line' id='line_1_11' title="bbox 390 2336 3112 2451; baseline 0 -29"><span class='ocrx_word' id='word_1_57' title='bbox 390 2337 1172 2450; x_wconf 87' lang='lat' dir='ltr'><strong>contortuplicatum</strong></span> <span class='ocrx_word' id='word_1_58' title='bbox 1214 2339 1604 2422; x_wconf 89' lang='lat' dir='ltr'><strong>habent·</strong></span> <span class='ocrx_word' id='word_1_59' title='bbox 1579 2336 1879 2451; x_wconf 84' lang='lat' dir='ltr'><strong>‚quod</strong></span> <span class='ocrx_word' id='word_1_60' title='bbox 1928 2366 2029 2420; x_wconf 86' lang='lat' dir='ltr'><strong>ex</strong></span> <span class='ocrx_word' id='word_1_61' title='bbox 2088 2343 2384 2423; x_wconf 86' lang='lat' dir='ltr'><strong>ceteris</strong></span> <span class='ocrx_word' id='word_1_62' title='bbox 2439 2367 2531 2424; x_wconf 84' lang='lat' dir='ltr'><strong>ea</strong></span> <span class='ocrx_word' id='word_1_63' title='bbox 2579 2364 2915 2424; x_wconf 81' lang='lat' dir='ltr'><strong>tantum</strong></span> <span class='ocrx_word' id='word_1_64' title='bbox 2968 2339 3112 2423; x_wconf 88' lang='lat' dir='ltr'><strong>ha-</strong></span> 
     </span>
     <span class='ocr_line' id='line_1_12' title="bbox 386 2453 3115 2571; baseline 0.001 -35"><span class='ocrx_word' id='word_1_65' title='bbox 386 2455 526 2537; x_wconf 86' lang='lat' dir='ltr'><strong>bet</strong></span> <span class='ocrx_word' id='word_1_66' title='bbox 570 2514 597 2560; x_wconf 85' lang='lat'>‚</span> <span class='ocrx_word' id='word_1_67' title='bbox 657 2483 831 2567; x_wconf 84' lang='lat' dir='ltr'><strong>quae</strong></span> <span class='ocrx_word' id='word_1_68' title='bbox 877 2453 1149 2571; x_wconf 86' lang='lat' dir='ltr'><strong>fruges</strong></span> <span class='ocrx_word' id='word_1_69' title='bbox 1211 2454 1546 2539; x_wconf 86' lang='lat' dir='ltr'><strong>defert.</strong></span> <span class='ocrx_word' id='word_1_70' title='bbox 1609 2455 1859 2538; x_wconf 82' lang='lat' dir='ltr'>Pedes</span> <span class='ocrx_word' id='word_1_71' title='bbox 1922 2455 2115 2538; x_wconf 90' lang='lat' dir='ltr'><strong>nudi</strong></span> <span class='ocrx_word' id='word_1_72' title='bbox 2166 2458 2542 2540; x_wconf 83' lang='lat' dir='ltr'><strong>omnibus</strong></span> <span class='ocrx_word' id='word_1_73' title='bbox 2600 2486 2619 2538; x_wconf 72' lang='grc' dir='ltr'><strong><em>ε</em></strong></span> <span class='ocrx_word' id='word_1_74' title='bbox 2679 2485 2926 2540; x_wconf 81' lang='lat' dir='ltr'><strong>comae</strong></span> <span class='ocrx_word' id='word_1_75' title='bbox 2971 2484 3115 2540; x_wconf 88' lang='lat' dir='ltr'><strong>no·</strong></span> 
     </span>
     <span class='ocr_line' id='line_1_13' title="bbox 383 2569 3112 2687; baseline 0.001 -33"><span class='ocrx_word' id='word_1_76' title='bbox 383 2570 488 2654; x_wconf 90' lang='lat' dir='ltr'><strong>do</strong></span> <span class='ocrx_word' id='word_1_77' title='bbox 540 2571 1036 2685; x_wconf 84' lang='lat' dir='ltr'><strong>colliguntur</strong></span> <span class='ocrx_word' id='word_1_78' title='bbox 1084 2632 1111 2678; x_wconf 85' lang='lat'>‚</span> <span class='ocrx_word' id='word_1_79' title='bbox 1175 2598 1534 2657; x_wconf 88' lang='lat' dir='ltr'><strong>ceterum</strong></span> <span class='ocrx_word' id='word_1_80' title='bbox 1586 2569 1880 2655; x_wconf 82' lang='lat' dir='ltr'><strong>effusae.</strong></span> <span class='ocrx_word' id='word_1_81' title='bbox 1941 2570 2289 2684; x_wconf 64' lang='lat' dir='ltr'><strong>Jastatio</strong></span> <span class='ocrx_word' id='word_1_82' title='bbox 2325 2575 2618 2687; x_wconf 72' lang='lat' dir='ltr'><strong>capitis</strong></span> <span class='ocrx_word' id='word_1_83' title='bbox 2665 2570 2958 2656; x_wconf 80' lang='lat' dir='ltr'><strong>festivae</strong></span> <span class='ocrx_word' id='word_1_84' title='bbox 3004 2573 3112 2656; x_wconf 87' lang='lat' dir='ltr'><strong>le·</strong></span> 
     </span>
     <span class='ocr_line' id='line_1_14' title="bbox 386 2688 3112 2806; baseline 0.001 -34"><span class='ocrx_word' id='word_1_85' title='bbox 386 2688 589 2772; x_wconf 84' lang='lat' dir='ltr'><strong>titiae</strong></span> <span class='ocrx_word' id='word_1_86' title='bbox 654 2689 984 2772; x_wconf 89' lang='lat' dir='ltr'><strong>modum</strong></span> <span class='ocrx_word' id='word_1_87' title='bbox 1048 2719 1213 2773; x_wconf 90' lang='lat' dir='ltr'><strong>non</strong></span> <span class='ocrx_word' id='word_1_88' title='bbox 1275 2689 1671 2774; x_wconf 85' lang='lat' dir='ltr'><strong>excedit.</strong></span> <span class='ocrx_word' id='word_1_89' title='bbox 1754 2688 2065 2773; x_wconf 90' lang='lat' dir='ltr'><strong>Eadem</strong></span> <span class='ocrx_word' id='word_1_90' title='bbox 2134 2688 2247 2774; x_wconf 91' lang='lat' dir='ltr'><strong>est</strong></span> <span class='ocrx_word' id='word_1_91' title='bbox 2330 2692 2418 2774; x_wconf 90' lang='lat' dir='ltr'><strong>in</strong></span> <span class='ocrx_word' id='word_1_92' title='bbox 2499 2715 2837 2806; x_wconf 85' lang='lat' dir='ltr'><strong>utroque</strong></span> <span class='ocrx_word' id='word_1_93' title='bbox 2902 2719 3112 2774; x_wconf 88' lang='lat' dir='ltr'><strong>mar·</strong></span> 
     </span>
     <span class='ocr_line' id='line_1_15' title="bbox 385 2804 3110 2921; baseline 0.001 -34"><span class='ocrx_word' id='word_1_94' title='bbox 385 2833 614 2888; x_wconf 87' lang='lat' dir='ltr'><strong>more</strong></span> <span class='ocrx_word' id='word_1_95' title='bbox 689 2804 1020 2891; x_wconf 85' lang='lat' dir='ltr'><strong>artificis</strong></span> <span class='ocrx_word' id='word_1_96' title='bbox 1079 2835 1366 2891; x_wconf 89' lang='lat' dir='ltr'><strong>manus</strong></span> <span class='ocrx_word' id='word_1_97' title='bbox 1427 2867 1453 2913; x_wconf 89' lang='lat'>,</span> <span class='ocrx_word' id='word_1_98' title='bbox 1535 2805 1753 2890; x_wconf 91' lang='lat' dir='ltr'><strong>idem</strong></span> <span class='ocrx_word' id='word_1_99' title='bbox 1850 2806 2250 2920; x_wconf 83' lang='lat' dir='ltr'><strong>scalprum</strong></span> <span class='ocrx_word' id='word_1_100' title='bbox 2314 2868 2341 2914; x_wconf 86' lang='lat'>‚</span> <span class='ocrx_word' id='word_1_101' title='bbox 2422 2807 2705 2892; x_wconf 88' lang='lat' dir='ltr'><strong>eadem</strong></span> <span class='ocrx_word' id='word_1_102' title='bbox 2785 2808 3110 2921; x_wconf 89' lang='lat' dir='ltr'><strong>utrique</strong></span> 
     </span>
     <span class='ocr_line' id='line_1_16' title="bbox 383 2921 3111 3041; baseline 0 -32"><span class='ocrx_word' id='word_1_103' title='bbox 383 2921 639 3036; x_wconf 76' lang='lat' dir='ltr'><strong>lapidi</strong></span> <span class='ocrx_word' id='word_1_104' title='bbox 701 2953 999 3009; x_wconf 84' lang='lat' dir='ltr'><strong>corona</strong></span> <span class='ocrx_word' id='word_1_105' title='bbox 1043 2985 1070 3031; x_wconf 86' lang='lat'>‚</span> <span class='ocrx_word' id='word_1_106' title='bbox 1152 2924 1434 3009; x_wconf 88' lang='lat' dir='ltr'><strong>eadem</strong></span> <span class='ocrx_word' id='word_1_107' title='bbox 1498 2927 1822 3041; x_wconf 89' lang='lat' dir='ltr'><strong>utrique</strong></span> <span class='ocrx_word' id='word_1_108' title='bbox 1909 2921 2283 3011; x_wconf 87' lang='lat' dir='ltr'><strong>venustas</strong></span> <span class='ocrx_word' id='word_1_109' title='bbox 2326 2985 2354 3035; x_wconf 88' lang='lat'>,</span> <span class='ocrx_word' id='word_1_110' title='bbox 2436 2927 2515 3009; x_wconf 73' lang='lat'><strong>8&lt;</strong></span> <span class='ocrx_word' id='word_1_111' title='bbox 2577 2926 3021 3039; x_wconf 82' lang='lat' dir='ltr'>antiquitas</span> <span class='ocrx_word' id='word_1_112' title='bbox 3081 2986 3111 3034; x_wconf 86' lang='lat'>‚</span> 
     </span>
     <span class='ocr_line' id='line_1_17' title="bbox 382 3039 3112 3174; baseline 0 -49"><span class='ocrx_word' id='word_1_113' title='bbox 382 3039 533 3125; x_wconf 86' lang='lat' dir='ltr'><strong>nifi</strong></span> <span class='ocrx_word' id='word_1_114' title='bbox 596 3042 808 3174; x_wconf 83' lang='lat' dir='ltr'><strong>quod</strong></span> <span class='ocrx_word' id='word_1_115' title='bbox 873 3039 1070 3126; x_wconf 87' lang='lat' dir='ltr'>istud</span> <span class='ocrx_word' id='word_1_116' title='bbox 1136 3044 1434 3126; x_wconf 87' lang='lat' dir='ltr'><strong>minori</strong></span> <span class='ocrx_word' id='word_1_117' title='bbox 1494 3072 1688 3127; x_wconf 84' lang='lat' dir='ltr'><strong>cura</strong></span> <span class='ocrx_word' id='word_1_118' title='bbox 1730 3041 2145 3126; x_wconf 87' lang='lat' dir='ltr'><strong>servatum·</strong></span> <span class='ocrx_word' id='word_1_119' title='bbox 2195 3045 2615 3159; x_wconf 85' lang='lat' dir='ltr'><strong>graviores</strong></span> <span class='ocrx_word' id='word_1_120' title='bbox 2677 3044 2864 3127; x_wconf 88' lang='lat' dir='ltr'><strong>tulit</strong></span> <span class='ocrx_word' id='word_1_121' title='bbox 2907 3066 3112 3127; x_wconf 88' lang='lat' dir='ltr'><strong>tem-</strong></span> 
     </span>
     <span class='ocr_line' id='line_1_18' title="bbox 384 3157 3110 3271; baseline 0.001 -31"><span class='ocrx_word' id='word_1_122' title='bbox 384 3159 609 3271; x_wconf 80' lang='lat' dir='ltr'><strong>poris</strong></span> <span class='ocrx_word' id='word_1_123' title='bbox 671 3157 999 3267; x_wconf 85' lang='lat' dir='ltr'><strong>injurias</strong></span> <span class='ocrx_word' id='word_1_124' title='bbox 1059 3220 1086 3266; x_wconf 85' lang='lat'>‚</span> <span class='ocrx_word' id='word_1_125' title='bbox 1148 3184 1290 3243; x_wconf 88' lang='lat' dir='ltr'><strong>aut</strong></span> <span class='ocrx_word' id='word_1_126' title='bbox 1359 3159 1518 3242; x_wconf 90' lang='lat' dir='ltr'><strong>alio</strong></span> <span class='ocrx_word' id='word_1_127' title='bbox 1576 3158 1757 3243; x_wconf 86' lang='lat' dir='ltr'><strong>&#39;casu</strong></span> <span class='ocrx_word' id='word_1_128' title='bbox 1818 3158 2019 3243; x_wconf 87' lang='lat' dir='ltr'><strong>adeo</strong></span> <span class='ocrx_word' id='word_1_129' title='bbox 2080 3158 2497 3244; x_wconf 83' lang='lat' dir='ltr'><strong>nonnullis</strong></span> <span class='ocrx_word' id='word_1_130' title='bbox 2579 3160 2662 3241; x_wconf 89' lang='lat' dir='ltr'><strong>in</strong></span> <span class='ocrx_word' id='word_1_131' title='bbox 2727 3160 2920 3242; x_wconf 89' lang='lat' dir='ltr'><strong>locis</strong></span> <span class='ocrx_word' id='word_1_132' title='bbox 2987 3184 3110 3244; x_wconf 91' lang='lat' dir='ltr'><strong>at·</strong></span> 
     </span>
     <span class='ocr_line' id='line_1_19' title="bbox 385 3274 3109 3391; baseline 0 -34"><span class='ocrx_word' id='word_1_133' title='bbox 385 3276 686 3358; x_wconf 80' lang='lat' dir='ltr'><strong>tritum</strong></span> <span class='ocrx_word' id='word_1_134' title='bbox 748 3274 903 3360; x_wconf 88' lang='lat' dir='ltr'><strong>fuit</strong></span> <span class='ocrx_word' id='word_1_135' title='bbox 950 3336 977 3382; x_wconf 85' lang='lat'>‚</span> <span class='ocrx_word' id='word_1_136' title='bbox 1060 3302 1153 3361; x_wconf 89' lang='lat' dir='ltr'><strong>ut</strong></span> <span class='ocrx_word' id='word_1_137' title='bbox 1211 3276 1407 3391; x_wconf 88' lang='lat' dir='ltr'><strong>quid</strong></span> <span class='ocrx_word' id='word_1_138' title='bbox 1470 3304 1627 3389; x_wconf 83' lang='lat' dir='ltr'><strong>prae</strong></span> <span class='ocrx_word' id='word_1_139' title='bbox 1687 3276 2056 3359; x_wconf 88' lang='lat' dir='ltr'><strong>manibus</strong></span> <span class='ocrx_word' id='word_1_140' title='bbox 2124 3276 2408 3390; x_wconf 82' lang='lat' dir='ltr'><strong>aliquae</strong></span> <span class='ocrx_word' id='word_1_141' title='bbox 2471 3275 2800 3359; x_wconf 83' lang='lat' dir='ltr'><strong>Bacchae</strong></span> <span class='ocrx_word' id='word_1_142' title='bbox 2860 3277 3109 3359; x_wconf 87' lang='lat' dir='ltr'><strong>habe·</strong></span> 
     </span>
     <span class='ocr_line' id='line_1_20' title="bbox 382 3390 3099 3508; baseline 0 -34"><span class='ocrx_word' id='word_1_143' title='bbox 382 3416 641 3499; x_wconf 85' lang='lat' dir='ltr'><strong>rent,</strong></span> <span class='ocrx_word' id='word_1_144' title='bbox 706 3395 844 3475; x_wconf 82' lang='lat' dir='ltr'><strong>vix</strong></span> <span class='ocrx_word' id='word_1_145' title='bbox 906 3391 1373 3503; x_wconf 66' lang='lat' dir='ltr'><strong>conjecturis</strong></span> <span class='ocrx_word' id='word_1_146' title='bbox 1431 3390 1893 3508; x_wconf 85' lang='lat' dir='ltr'><strong>dignoscere</strong></span> <span class='ocrx_word' id='word_1_147' title='bbox 1959 3421 2260 3506; x_wconf 84' lang='lat' dir='ltr'><strong>queas.</strong></span> <span class='ocrx_word' id='word_1_148' title='bbox 2347 3394 2620 3476; x_wconf 90' lang='lat' dir='ltr'><strong>Prima</strong></span> <span class='ocrx_word' id='word_1_149' title='bbox 2666 3417 3099 3505; x_wconf 86' lang='lat' dir='ltr'><strong>utramque</strong></span> 
     </span>
     <span class='ocr_line' id='line_1_21' title="bbox 382 3507 3107 3623; baseline -0 -29"><span class='ocrx_word' id='word_1_150' title='bbox 382 3537 727 3594; x_wconf 85' lang='lat' dir='ltr'><strong>manum</strong></span> <span class='ocrx_word' id='word_1_151' title='bbox 775 3539 860 3594; x_wconf 91' lang='lat' dir='ltr'><strong>re</strong></span> <span class='ocrx_word' id='word_1_152' title='bbox 923 3513 1192 3621; x_wconf 90' lang='lat' dir='ltr'><strong>aliqua</strong></span> <span class='ocrx_word' id='word_1_153' title='bbox 1254 3510 1740 3623; x_wconf 80' lang='lat' dir='ltr'><strong>impeditam</strong></span> <span class='ocrx_word' id='word_1_154' title='bbox 1805 3509 2103 3620; x_wconf 88' lang='lat' dir='ltr'><strong>habet;</strong></span> <span class='ocrx_word' id='word_1_155' title='bbox 2186 3510 2580 3623; x_wconf 87' lang='lat' dir='ltr'><strong>quidnam</strong></span> <span class='ocrx_word' id='word_1_156' title='bbox 2639 3509 2756 3592; x_wconf 89' lang='lat' dir='ltr'><strong>rei</strong></span> <span class='ocrx_word' id='word_1_157' title='bbox 2817 3507 2913 3593; x_wconf 86' lang='lat' dir='ltr'><strong>fit</strong></span> <span class='ocrx_word' id='word_1_158' title='bbox 2975 3537 3107 3593; x_wconf 82' lang='lat' dir='ltr'><strong>ex·</strong></span> 
     </span>
     <span class='ocr_line' id='line_1_22' title="bbox 380 3624 3109 3742; baseline 0 -33"><span class='ocrx_word' id='word_1_159' title='bbox 380 3628 685 3710; x_wconf 83' lang='lat' dir='ltr'><strong>tricare</strong></span> <span class='ocrx_word' id='word_1_160' title='bbox 766 3626 1165 3711; x_wconf 83' lang='lat' dir='ltr'><strong>difficile:</strong></span> <span class='ocrx_word' id='word_1_161' title='bbox 1248 3656 1347 3711; x_wconf 82' lang='lat' dir='ltr'><strong>ex</strong></span> <span class='ocrx_word' id='word_1_162' title='bbox 1434 3653 1757 3711; x_wconf 89' lang='lat' dir='ltr'><strong>artuum</strong></span> <span class='ocrx_word' id='word_1_163' title='bbox 1846 3650 2127 3711; x_wconf 90' lang='lat' dir='ltr'><strong>tamen</strong></span> <span class='ocrx_word' id='word_1_164' title='bbox 2212 3630 2429 3711; x_wconf 85' lang='lat' dir='ltr'><strong>flexu</strong></span> <span class='ocrx_word' id='word_1_165' title='bbox 2489 3686 2515 3732; x_wconf 84' lang='lat'>,</span> <span class='ocrx_word' id='word_1_166' title='bbox 2613 3655 2705 3711; x_wconf 88' lang='lat' dir='ltr'><strong>ac</strong></span> <span class='ocrx_word' id='word_1_167' title='bbox 2786 3624 3008 3742; x_wconf 83' lang='lat' dir='ltr'><strong>gestu</strong></span> <span class='ocrx_word' id='word_1_168' title='bbox 3079 3687 3109 3733; x_wconf 88' lang='lat'>,</span> 
     </span>
     <span class='ocr_line' id='line_1_23' title="bbox 380 3741 3106 3858; baseline 0.001 -33"><span class='ocrx_word' id='word_1_169' title='bbox 380 3744 1116 3857; x_wconf 85' lang='lat' dir='ltr'><strong>brachiorumque,</strong></span> <span class='ocrx_word' id='word_1_170' title='bbox 1183 3773 1730 3858; x_wconf 80' lang='lat' dir='ltr'><strong>manuumque</strong></span> <span class='ocrx_word' id='word_1_171' title='bbox 1793 3741 2147 3858; x_wconf 83' lang='lat' dir='ltr'><strong>vestigiis</strong></span> <span class='ocrx_word' id='word_1_172' title='bbox 2193 3805 2220 3851; x_wconf 85' lang='lat'>‚</span> <span class='ocrx_word' id='word_1_173' title='bbox 2327 3742 2860 3853; x_wconf 66' lang='lat' dir='ltr'><strong>conjeEtamus</strong></span> <span class='ocrx_word' id='word_1_174' title='bbox 2918 3772 3106 3828; x_wconf 86' lang='lat' dir='ltr'><strong>eam</strong></span> 
     </span>
     <span class='ocr_line' id='line_1_24' title="bbox 380 3858 3104 3973; baseline 0.001 -30"><span class='ocrx_word' id='word_1_175' title='bbox 380 3861 783 3970; x_wconf 85' lang='lat' dir='ltr'><strong>cymbalis</strong></span> <span class='ocrx_word' id='word_1_176' title='bbox 827 3860 1097 3945; x_wconf 89' lang='lat' dir='ltr'><strong>ludere</strong></span> <span class='ocrx_word' id='word_1_177' title='bbox 1161 3864 1419 3944; x_wconf 88' lang='lat' dir='ltr'><strong>altera</strong></span> <span class='ocrx_word' id='word_1_178' title='bbox 1478 3889 1730 3945; x_wconf 88' lang='lat' dir='ltr'><strong>manu</strong></span> <span class='ocrx_word' id='word_1_179' title='bbox 1789 3858 2071 3973; x_wconf 86' lang='lat' dir='ltr'><strong>supina</strong></span> <span class='ocrx_word' id='word_1_180' title='bbox 2117 3921 2144 3967; x_wconf 85' lang='lat'>‚</span> <span class='ocrx_word' id='word_1_181' title='bbox 2210 3861 2471 3945; x_wconf 86' lang='lat' dir='ltr'><strong>altera</strong></span> <span class='ocrx_word' id='word_1_182' title='bbox 2533 3888 2849 3973; x_wconf 87' lang='lat' dir='ltr'><strong>prona,</strong></span> <span class='ocrx_word' id='word_1_183' title='bbox 2896 3859 3104 3945; x_wconf 86' lang='lat' dir='ltr'><strong>facie</strong></span> 
     </span>
     <span class='ocr_line' id='line_1_25' title="bbox 381 3975 3103 4092; baseline -0 -33"><span class='ocrx_word' id='word_1_184' title='bbox 381 3977 792 4089; x_wconf 76' lang='lat' dir='ltr'><strong>tantisper</strong></span> <span class='ocrx_word' id='word_1_185' title='bbox 835 3977 936 4061; x_wconf 91' lang='lat' dir='ltr'><strong>ad</strong></span> <span class='ocrx_word' id='word_1_186' title='bbox 997 3980 1336 4062; x_wconf 87' lang='lat' dir='ltr'><strong>comites</strong></span> <span class='ocrx_word' id='word_1_187' title='bbox 1398 4006 1445 4060; x_wconf 84' lang='lat' dir='ltr'><strong>a</strong></span> <span class='ocrx_word' id='word_1_188' title='bbox 1508 4002 1734 4092; x_wconf 84' lang='lat' dir='ltr'><strong>tergo</strong></span> <span class='ocrx_word' id='word_1_189' title='bbox 1802 3975 2225 4091; x_wconf 85' lang='lat' dir='ltr'><strong>sequentes</strong></span> <span class='ocrx_word' id='word_1_190' title='bbox 2286 3980 2641 4083; x_wconf 84' lang='lat' dir='ltr'><strong>reflexa,</strong></span> <span class='ocrx_word' id='word_1_191' title='bbox 2722 3979 2862 4091; x_wconf 90' lang='lat' dir='ltr'><strong>qui</strong></span> <span class='ocrx_word' id='word_1_192' title='bbox 2926 4006 3103 4089; x_wconf 88' lang='lat' dir='ltr'><strong>pro-</strong></span> 
     </span>
     <span class='ocr_line' id='line_1_26' title="bbox 380 4086 3101 4226; baseline -0.001 -50"><span class='ocrx_word' id='word_1_193' title='bbox 380 4091 598 4177; x_wconf 68' lang='lat' dir='ltr'><strong>feelo</strong></span> <span class='ocrx_word' id='word_1_194' title='bbox 681 4097 1041 4226; x_wconf 84' lang='lat' dir='ltr'><strong>corporis</strong></span> <span class='ocrx_word' id='word_1_195' title='bbox 1122 4086 1689 4210; x_wconf 70' lang='grc' dir='ltr'><strong>σ-χηαοι’τ-ἰο’μος</strong></span> <span class='ocrx_word' id='word_1_196' title='bbox 1734 4152 1761 4198; x_wconf 86' lang='lat'>‚</span> <span class='ocrx_word' id='word_1_197' title='bbox 1866 4091 1995 4177; x_wconf 87' lang='lat' dir='ltr'><strong>seu</strong></span> <span class='ocrx_word' id='word_1_198' title='bbox 2058 4092 2310 4209; x_wconf 86' lang='lat' dir='ltr'><strong>gestus</strong></span> <span class='ocrx_word' id='word_1_199' title='bbox 2371 4094 2766 4203; x_wconf 87' lang='lat' dir='ltr'><strong>cymbalis</strong></span> <span class='ocrx_word' id='word_1_200' title='bbox 2829 4092 3101 4177; x_wconf 88' lang='lat' dir='ltr'><strong>luden-</strong></span> 
     </span>
     <span class='ocr_line' id='line_1_27' title="bbox 382 4207 3101 4325; baseline -0.002 -32"><span class='ocrx_word' id='word_1_201' title='bbox 382 4212 597 4293; x_wconf 82' lang='lat' dir='ltr'><strong>tium</strong></span> <span class='ocrx_word' id='word_1_202' title='bbox 626 4216 993 4325; x_wconf 81' lang='lat' dir='ltr'><strong>proprius</strong></span> <span class='ocrx_word' id='word_1_203' title='bbox 1017 4210 1174 4295; x_wconf 90' lang='lat' dir='ltr'><strong>est.</strong></span> <span class='ocrx_word' id='word_1_204' title='bbox 1265 4212 1536 4296; x_wconf 89' lang='lat' dir='ltr'><strong>Multa</strong></span> <span class='ocrx_word' id='word_1_205' title='bbox 1584 4239 1822 4325; x_wconf 90' lang='lat' dir='ltr'><strong>porro</strong></span> <span class='ocrx_word' id='word_1_206' title='bbox 1850 4208 2176 4295; x_wconf 84' lang='lat' dir='ltr'><strong>musices</strong></span> <span class='ocrx_word' id='word_1_207' title='bbox 2205 4209 2766 4311; x_wconf 86' lang='lat' dir='ltr'><strong>mstrumenta,</strong></span> <span class='ocrx_word' id='word_1_208' title='bbox 2817 4235 2920 4290; x_wconf 92' lang='lat' dir='ltr'><strong>ne</strong></span> <span class='ocrx_word' id='word_1_209' title='bbox 2983 4207 3101 4289; x_wconf 91' lang='lat' dir='ltr'><strong>di·</strong></span> 
     </span>
     <span class='ocr_line' id='line_1_28' title="bbox 380 4324 3101 4440; baseline -0.001 -30"><span class='ocrx_word' id='word_1_210' title='bbox 380 4355 567 4410; x_wconf 80' lang='lat' dir='ltr'><strong>cam</strong></span> <span class='ocrx_word' id='word_1_211' title='bbox 600 4357 801 4440; x_wconf 78' lang='lat' dir='ltr'><strong>pene</strong></span> <span class='ocrx_word' id='word_1_212' title='bbox 831 4331 1111 4412; x_wconf 78' lang='lat' dir='ltr'><strong>omnia</strong></span> <span class='ocrx_word' id='word_1_213' title='bbox 1134 4327 1456 4435; x_wconf 84' lang='lat' dir='ltr'><strong>Liberi,</strong></span> <span class='ocrx_word' id='word_1_214' title='bbox 1517 4332 1601 4411; x_wconf 72' lang='grc' dir='ltr'><strong>δε</strong></span> <span class='ocrx_word' id='word_1_215' title='bbox 1653 4328 1979 4410; x_wconf 87' lang='lat' dir='ltr'><strong>Cereris</strong></span> <span class='ocrx_word' id='word_1_216' title='bbox 2039 4326 2258 4412; x_wconf 87' lang='lat' dir='ltr'><strong>sacra</strong></span> <span class='ocrx_word' id='word_1_217' title='bbox 2323 4328 2691 4429; x_wconf 65' lang='lat' dir='ltr'><strong>laetiora,</strong></span> <span class='ocrx_word' id='word_1_218' title='bbox 2745 4324 2820 4404; x_wconf 77' lang='lat'><strong>8&lt;</strong></span> <span class='ocrx_word' id='word_1_219' title='bbox 2862 4352 3101 4437; x_wconf 85' lang='lat' dir='ltr'><strong>augu-</strong></span> 
     </span>
     <span class='ocr_line' id='line_1_29' title="bbox 382 4439 3099 4554; baseline -0.002 -28"><span class='ocrx_word' id='word_1_220' title='bbox 382 4440 626 4527; x_wconf 85' lang='lat' dir='ltr'><strong>stiora</strong></span> <span class='ocrx_word' id='word_1_221' title='bbox 691 4444 1136 4528; x_wconf 90' lang='lat' dir='ltr'><strong>reddebant</strong></span> <span class='ocrx_word' id='word_1_222' title='bbox 1195 4505 1222 4551; x_wconf 85' lang='lat'>‚</span> <span class='ocrx_word' id='word_1_223' title='bbox 1305 4446 1563 4528; x_wconf 85' lang='lat' dir='ltr'><strong>veluti</strong></span> <span class='ocrx_word' id='word_1_224' title='bbox 1628 4466 2025 4554; x_wconf 88' lang='lat' dir='ltr'><strong>tympana</strong></span> <span class='ocrx_word' id='word_1_225' title='bbox 2089 4502 2114 4549; x_wconf 89' lang='lat'>‚</span> <span class='ocrx_word' id='word_1_226' title='bbox 2198 4439 2412 4526; x_wconf 85' lang='lat' dir='ltr'><strong>fistra</strong></span> <span class='ocrx_word' id='word_1_227' title='bbox 2459 4501 2486 4547; x_wconf 85' lang='lat'>‚</span> <span class='ocrx_word' id='word_1_228' title='bbox 2572 4440 2783 4524; x_wconf 86' lang='lat' dir='ltr'><strong>tibiae</strong></span> <span class='ocrx_word' id='word_1_229' title='bbox 2826 4497 2852 4543; x_wconf 88' lang='lat'>,</span> <span class='ocrx_word' id='word_1_230' title='bbox 2930 4468 3099 4523; x_wconf 88' lang='lat' dir='ltr'><strong>cro·</strong></span> 
     </span>
     <span class='ocr_line' id='line_1_30' title="bbox 388 4552 3097 4675; baseline -0.001 -32"><span class='ocrx_word' id='word_1_231' title='bbox 388 4561 651 4668; x_wconf 69' lang='lat' dir='ltr'><strong>nala,</strong></span> <span class='ocrx_word' id='word_1_232' title='bbox 710 4562 785 4643; x_wconf 79' lang='lat'><strong>8&lt;</strong></span> <span class='ocrx_word' id='word_1_233' title='bbox 824 4561 985 4644; x_wconf 87' lang='lat' dir='ltr'><strong>alia</strong></span> <span class='ocrx_word' id='word_1_234' title='bbox 1030 4561 1111 4643; x_wconf 92' lang='lat' dir='ltr'><strong>id</strong></span> <span class='ocrx_word' id='word_1_235' title='bbox 1158 4589 1459 4675; x_wconf 86' lang='lat' dir='ltr'><strong>genus,</strong></span> <span class='ocrx_word' id='word_1_236' title='bbox 1504 4563 1725 4645; x_wconf 88' lang='lat' dir='ltr'><strong>inter</strong></span> <span class='ocrx_word' id='word_1_237' title='bbox 1784 4585 1953 4670; x_wconf 86' lang='lat' dir='ltr'><strong>quae</strong></span> <span class='ocrx_word' id='word_1_238' title='bbox 2013 4558 2387 4671; x_wconf 84' lang='lat' dir='ltr'><strong>cymbala</strong></span> <span class='ocrx_word' id='word_1_239' title='bbox 2444 4556 2828 4642; x_wconf 88' lang='lat' dir='ltr'><strong>videntur</strong></span> <span class='ocrx_word' id='word_1_240' title='bbox 2872 4552 3097 4640; x_wconf 82' lang='lat' dir='ltr'><strong>fuiffe</strong></span> 
     </span>
    </p>
   </div>
   <div class='ocr_carea' id='block_1_6' title="bbox 392 4675 2990 4876">
    <p class='ocr_par' dir='ltr' id='par_1_6' title="bbox 392 4675 2990 4876">
     <span class='ocr_line' id='line_1_31' title="bbox 392 4675 1422 4791; baseline 0.003 -31"><span class='ocrx_word' id='word_1_241' title='bbox 392 4677 605 4763; x_wconf 73' lang='lat' dir='ltr'><strong>hisce</strong></span> <span class='ocrx_word' id='word_1_242' title='bbox 665 4675 877 4761; x_wconf 83' lang='lat' dir='ltr'><strong>festis</strong></span> <span class='ocrx_word' id='word_1_243' title='bbox 938 4680 1422 4791; x_wconf 83' lang='lat' dir='ltr'><strong>peculiaria.</strong></span> 
     </span>
     <span class='ocr_line' id='line_1_32' title="bbox 1678 4794 2990 4876; baseline 0 0"><span class='ocrx_word' id='word_1_244' title='bbox 1678 4794 1754 4876; x_wconf 84' lang='lat' dir='ltr'>E</span> <span class='ocrx_word' id='word_1_245' title='bbox 2737 4795 2990 4876; x_wconf 85' lang='lat' dir='ltr'><strong>Voca-</strong></span> 
     </span>
    </p>
   </div>
  </div>
 </body>
</html>
