4484 5850
1616 422 1626 441 ι
1691 412 1739 467 0
2355 446 2366 453 ι

1508 415 1996 620 Ιωῗὶενατονίς
2049 503 2328 585 Nervae
2370 499 2690 615 Caesart‘s
2741 498 3073 603 Trajan?
3123 502 3463 620 Augusti
3508 504 3941 595 Germanici
3959 508 4191 617 Dacici

1746 619 2180 704 Provincia
2235 623 2649 705 Pannoniae
2707 625 3020 704 Donato
3082 620 3211 703 Ab
3271 621 3570 707 Eodem

1747 732 1980 825 Bello
2041 739 2323 823 Dacico
2385 740 2623 824 Donis
2681 736 3172 825 Militaribus
3230 743 3533 826 Coram

1749 853 2055 944 Murali
2123 852 2423 941 Vallari
2485 855 2829 975 Claffica
2890 867 3156 944 Aurea
3215 860 3488 973 Hastis
3931 912 3938 917 -

1748 976 1983 1062 Puris
2040 982 2406 1099 Qatuor
2462 974 2787 1062 Vexillis
2847 985 3215 1097 Qucum·
3276 982 3571 1095 Legata
3628 983 3945 1101 Proprie

1755 1094 2190 1180 Provincia
2253 1090 2579 1212 Belgicae
2637 1097 2844 1182 Divi
2883 1101 3188 1184 'Nervae
3245 1100 3534 1213 Legata

1749 1213 2118 1416 ssegiontjs
2174 1218 2429 1300 Sextae
2486 1218 2566 1299 F
2567 1242 2831 1300 erratae
2889 1218 3182 1333 Legata
3237 1214 3632 1334 Hispania

1828 1356 2076 1416 raetort
3613 1400 3622 1405 -

1750 1451 1865 1534 Di
1917 1451 2015 1533 Vi

1631 1691 1936 1804 Quinti
1995 1687 2241 1775 Glitii
2303 1687 2569 1774 Publii
2628 1688 2822 1775 Filii
2887 1717 2986 1774 ex
3026 1689 3293 1775 Tribu
3354 1688 3795 1777 Stellatina
3847 1706 3884 1800 3
3953 1718 4204 1809 cogno·

1518 1835 1802 1895 mento
1839 1804 2239 1922 Agricola
2279 1867 2307 1910 ‚
2369 1809 2526 1892 viri
2586 1809 2664 1890 &
2700 1792 3128 1913 civilibus}
3188 1809 3785 1893 &militaribus
3849 1812 4208 1923 negotiis,

1515 1927 1594 2008 8<
1654 1928 1888 2012 rebus
1953 1922 2186 2042 gestis
2245 1922 2383 2009 sub
2447 1927 2700 2009 tribus
2751 1927 3393 2040 Imperatoribus
3440 1923 3982 2040 Vespafiano,
4034 1930 4206 2014 Ner·

1514 2071 1624 2129 va
1657 2105 1685 2152 ,
1745 2046 1822 2127 8<
1856 2040 2222 2154 Traiano
2275 2042 2684 2129 clariffimi
2712 2103 2742 2150 ,
2789 2045 3191 2128 memoria
3239 2046 3471 2130 nobis
3505 2041 3848 2158 superest
3880 2044 4010 2128 sex
4038 2071 4205 2129 mar·

1519 2165 1820 2247 moreis
1876 2161 2289 2279 lapidibus
2343 2162 2660 2247 tradita
2723 2221 2754 2270 ‚
2839 2160 3004 2247 fine
3061 2162 3354 2276 quibus
3415 2164 3757 2246 omnino
3821 2160 4204 2276 periisset,
4343 2224 4344 2239 n

1514 2307 1771 2395 quum
1834 2308 1937 2365 ne
2002 2281 2348 2367 verbum
2420 2279 2757 2394 quidem
2841 2278 2939 2364 de
3019 2280 3166 2364 illo
3247 2278 3460 2394 apud
3539 2283 4011 2395 quempiam
4081 2277 4207 2388 ejus
4343 2346 4344 2353 Ν

1526 2399 1790 2485 aetatis
1846 2398 2347 2512 scriptorem
2408 2400 2766 2512 reperire
2827 2397 2982 2482 fit.
3041 2399 3428 2513 Quinque
3476 2402 3818 2486 Latinas
3863 2399 4075 2483 vides
4109 2402 4207 2480 In·

1524 2514 2006 2630 scriptiones
2069 2543 2090 2599 t
2166 2520 2443 2601 Graeca
2507 2514 2668 2601 fuit
2726 2513 2947 2602 sexta
2994 2577 3021 2621 ,
3081 2516 3298 2625 cujus
3362 2513 3521 2625 jam
3585 2516 3982 2602 edidImus
4038 2515 4207 2630 frag·
4343 2526 4344 2529 ‘

1048 2635 1495 2720 [quamsae-
1533 2659 1820 2723 menta
1880 2636 1970 2718 in
2032 2635 2304 2747 prima
2365 2639 2605 2719 Parte
2661 2631 2852 2747 [a]
2899 2694 2922 2717 .
2982 2634 3364 2749 Elogium
3426 2633 3594 2721 fere
3658 2633 3978 2750 semper
4033 2634 4208 2717 idem

928 2834 955 2872 s
1047 2720 1403 2854 {⁸022}st
1440 2727 1491 2766 ¹⁰
1532 2751 2013 2866 inscriptum
2076 2749 2302 2835 fuisse
2363 2750 2849 2837 censendum
2886 2813 2913 2859 ,
2975 2775 3296 2837 mutato
3358 2753 3937 2840 tantummodo
3980 2753 4212 2839 verbo·
4343 2806 4344 2841 ;

1530 2898 1716 2959 rum
1760 2868 2100 2956 ordine.
2156 2869 2516 2957 Difficile
2579 2868 3018 2956 admodum
3079 2873 3236 2957 erit
3299 2870 3652 2958 alterum
3717 2873 4068 2987 reperire
4125 2894 4213 2954 to·

1531 2985 1686 3077 ties
1748 2991 2291 3103 repetitarum
2353 2988 2589 3074 unius
2636 2989 2796 3073 viri
2858 2990 2945 3074 in
3011 2990 3551 3075 marmoribus
3611 2990 3944 3076 laudum
3993 3014 4214 3075 exem·

1527 3107 1759 3224 plum
1820 3164 1844 3192 .
1933 3112 2231 3193 Praeter
2293 3131 2708 3216 mutatum
2770 3107 3205 3192 verborum
3268 3107 3640 3194 ordinem
3702 3109 3942 3194 varia
3999 3108 4212 3193 etiam

1531 3227 1897 3312 cernitur
1957 3286 1985 3333 ,
2070 3227 2149 3309 δε
2208 3226 2351 3308 vix
2435 3227 2522 3310 in
2586 3225 2766 3310 aliis
2829 3225 3370 3310 marmoribus
3453 3225 3748 3311 ufitata
3825 3224 4213 3312 marmoris

1529 3342 2047 3459 peripheria,
2110 3370 2201 3428 ac
2262 3341 2520 3458 figura
2580 3402 2605 3428 .
2688 3342 3029 3456 Aliquas
3111 3369 3214 3429 ex
3275 3343 3402 3428 his
3461 3344 3658 3429 olim
3724 3345 4079 3430 Taurini
4126 3368 4217 3427 re·

1531 3488 1806 3577 pertas
1888 3461 2049 3572 jam
2134 3460 2566 3546 ediderunt
2640 3462 3076 3576 Pingonius
3136 3521 3165 3569 ‚
3246 3465 3633 3547 Gruterus
3691 3522 3722 3570 ,
3803 3461 4218 3549 Guicheno-

1068 3590 1151 3661 [b]
1188 3586 1500 3665 Thes-lust·
1538 3583 1715 3666 nius
1775 3640 1803 3687 ,
1882 3580 1961 3660 8<
2020 3578 2163 3663 alii
2227 3610 2257 3692 3
2336 3605 2619 3664 ornnes
2678 3606 2839 3663 una
2898 3575 3126 3663 simul
3189 3578 3444 3664 edidit
3505 3583 4018 3666 Muratorius
4067 3576 4214 3687 [bJ.

1054 3677 1815 3783 '''”·²·'¹⁸·³¹¹·Gtaeca
1880 3722 2205 3780 tantum
2265 3720 2609 3808 excepta
2671 3753 2693 3780 .
2777 3694 3307 3781 Taurinenfis
3369 3700 3645 3809 itaque
3717 3757 3747 3804 ,
3829 3722 3923 3782 ut
3984 3697 4217 3812 opina·

1533 3845 1716 3903 mur
1750 3875 1778 3920 ‚
1837 3814 1995 3897 fuit
2061 3810 2200 3896 iste
2251 3814 2616 3920 GlitiuS,
2675 3812 2888 3922 cujus
2945 3839 3260 3900 aeternae
3320 3813 3556 3900 famae
3613 3814 3827 3899 hisce
3894 3815 4026 3900 sex
4067 3812 4219 3925 Epi·
4341 3855 4342 3904 z

1535 3932 2022 4051 grammatis
2079 3954 2414 4015 cautum
2451 3929 2996 4044 proculdubio
3029 3993 3057 4040 ‚
3115 3931 3730 4044 consultumque
3764 3931 3970 4018 fuit.
4024 3933 4220 4017 Num
4341 3977 4342 4014 l

1532 4080 1732 4138 vero
1793 4047 1958 4134 haec
1983 4048 2616 4163 Epigrammata
2669 4052 2754 4134 in
2791 4049 2921 4135 sex
2962 4050 3400 4164 separatim
3464 4052 3682 4136 urbis
3747 4050 3946 4136 locis
4009 4045 4221 4165 pofita

1529 4169 1978 4274 fuerint,an
2012 4169 2283 4280 potius
2310 4195 2473 4253 uno
2507 4166 2951 4283 eodemque
2987 4169 3074 4253 in
3111 4171 3289 4254 loco
3315 4170 3415 4255 ad
3439 4165 3905 4254 ornandum
3934 4160 4215 4281 aliquod

1530 4286 1657 4374 illi
1717 4283 2070 4370 eressum
2124 4307 2748 4371 monumentum
2797 4291 3106 4371 Arcum
3163 4311 3364 4401 puta
3425 4348 3451 4393 ‚
3513 4285 3728 4396 cujus
3779 4285 4096 4400 lingulis
4135 4281 4221 4365 la·

1521 4404 1827 4488 teribus
1881 4400 2188 4512 scriptae
2223 4403 2465 4487 Glitii
2503 4402 2901 4517 Agricolae
2946 4403 3221 4488 laudes
3265 4404 3906 4513 exhiberentur,
3958 4429 4109 4487 non
4136 4394 4217 4482 est

1533 4523 1657 4605 ita
1721 4515 1958 4606 facile
2017 4515 2350 4604 definire
2387 4578 2413 4602 .
2473 4523 2752 4607 Potuit
2818 4519 3266 4632 hujusmodi
3336 4526 3598 4609 Areus
3653 4548 4044 4609 ornatam
4101 4518 4214 4599 ha·

1537 4638 1725 4724 bere
1801 4634 2163 4724 frontem
2214 4696 2251 4747 ,
2328 4634 2460 4725 seu
2523 4638 3003 4755 zophorum
3091 4668 3194 4729 ex
3270 4645 3370 4732 ii·
3428 4701 3456 4752 ,
3535 4668 3728 4757 quae-
3767 4639 4001 4755 supra
4059 4631 4220 4719 vidi·

3962 4778 4129 4842 mus
