4484 5850
401 575 962 676 Graecarum
1041 573 1390 677 Tomis
1474 574 1918 713 collegit,
1999 576 2120 680 &
2194 574 2691 679 illustravit
2729 656 2750 679 .
2822 577 3117 718 Apud

394 748 564 854 nos
624 714 1304 818 Menandricus
1366 719 1742 815 Herma
1802 716 2215 817 servatur
2249 794 2275 837 ,
2351 752 2640 853 quem
2703 754 3118 824 numero

389 886 502 951 xx
538 892 569 950 1
607 893 678 953 1.
717 855 1053 957 damus
1090 938 1118 979 ‚
1152 860 1568 994 adeoque
1630 857 1826 958 haec
1868 892 2124 992 nunc
2165 860 2521 998 placuit
2557 858 2680 963 de
2712 855 3112 962 Hermia

386 1026 1002 1130 praemittere.

525 1135 1027 1236 Columnis
1095 1136 1388 1239 etiam
1456 1138 1593 1240 ufi
1656 1136 1879 1240 sunt
1944 1169 2160 1238 tum
2231 1138 2355 1242 ad
2422 1146 2871 1243 Heroum
2940 1177 3101 1245 no

369 1272 642 1374 mina
717 1276 1269 1379 celebranda
1345 1355 1374 1398 ,
1467 1313 1682 1380 tum
1770 1278 1966 1378 aliis
2041 1277 2162 1381 de
2217 1280 2552 1383 caussis
2606 1284 3009 1385 Veteres
3071 1356 3103 1386 .

373 1414 620 1548 Quis
698 1419 969 1516 enim
1041 1418 1345 1519 nescit
1421 1418 2091 1521 columnarum
2169 1413 2273 1521 in
2342 1423 2520 1522 viis
2604 1422 2890 1522 usum
2943 1498 2972 1542 ,
3040 1457 3103 1524 e

371 1547 707 1689 quibus
766 1557 1072 1657 millia
1143 1556 1575 1696 passuum
1619 1636 1646 1678 ‚
1700 1593 1897 1694 quae
1949 1560 2123 1657 fibi
2184 1555 2775 1697 supereffent
2820 1637 2849 1681 ,
2900 1564 3103 1662 via-

373 1727 619 1795 tores
717 1695 1181 1799 discerent
1237 1775 1256 1796 .
1356 1705 1638 1800 Hanc
1717 1701 2400 1801 Romanorum
2480 1700 3087 1837 diligentiam

367 1869 544 1934 nec
607 1836 987 1940 laudare
1061 1839 1278 1938 satis
1344 1841 1571 1941 licet
1609 1916 1636 1958 ,
1728 1875 1904 1941 nec
1978 1839 2555 1942 imitandam
2642 1842 3095 1978 Principi-

365 1973 533 2073 bus
628 1976 917 2077 hodie
1004 2011 1534 2115 proponere
1618 1978 2183 2078 illaudatum
2267 1978 2527 2082 foret
2580 2046 2607 2073 .
2708 1982 3091 2082 Verum
3164 2069 3175 2082 .

364 2114 578 2212 usus
647 2118 1074 2217 obtinuit
1108 2196 1134 2239 ,
1205 2151 1312 2219 ut
1386 2118 1920 2254 frequentes
1969 2152 2562 2255 ponerentur
2611 2120 3099 2221 columnae

365 2257 1115 2391 Imperatoribus
1179 2293 1349 2396 per
1404 2249 1810 2359 colonias
1867 2259 2389 2397 praesertim
2426 2338 2451 2377 ,
2519 2291 2688 2360 aut
2761 2259 3087 2359 muni·-

357 2395 605 2532 eipia
679 2397 1064 2498 clariora
1137 2399 1835 2501 transeuntibus
1879 2477 1900 2500 .
1991 2401 2300 2498 Mitto
2381 2400 2784 2535 infignes
2857 2399 3078 2498 illas

356 2534 471 2633 in
532 2537 763 2637 urbe
822 2537 1182 2640 efficias
1261 2540 1679 2676 Trajano
1727 2616 1755 2657 ,
1815 2539 1941 2641 &2
1987 2539 2490 2641 Antonino
2550 2537 3075 2657 columnas,·

348 2709 563 2780 ,non
630 2677 949 2776 solum
1031 2677 1287 2777 mole
1355 2755 1380 2797 ‚
1448 2680 1614 2779 sed
1686 2677 2020 2777 caelatis
2091 2678 2445 2775 horum
2508 2678 3135 2814 Principum⁸

351 2815 630 2915 rebus
663 2818 931 2953 gestis
977 2816 1562 2954 spectabiles.
1638 2825 1940 2916 Patvae
1982 2815 2277 2915 etiam
2323 2812 2786 2915 columnae
2830 2813 3068 2917 non-'-

347 2986 774 3091 unquam
840 2958 1290 3093 sepulcris
1344 2957 1797 3091 impofitae
1840 3032 1867 3075 ,
1935 2954 2101 3053 sed
2168 2988 2496 3056 earum
2552 2956 2765 3056 usus
2805 2989 3068 3056 com·

344 3096 732 3196 modior
780 3173 806 3216 ‚
871 3097 996 3198 δί
1057 3096 1635 3237 frequentior
1705 3094 1896 3193 fuit
1959 3094 2079 3193 ad
2121 3095 2532 3228 aliquem
2594 3128 3065 3197 eventum

341 3232 455 3335 in
519 3237 730 3337 loco
795 3239 1334 3336 notandum
1373 3314 1398 3356 ,
1491 3266 1598 3333 ut
1667 3236 1858 3332 itus
1889 3309 1915 3351 ,
2001 3232 2123 3332 ὅζ
2191 3232 2547 3331 reditus
2634 3239 3056 3368 Impera-

339 3407 667 3475 torum
729 3377 852 3475 ab
903 3372 1172 3478 Italia
1242 3379 1384 3476 in·
1414 3366 1888 3492 Galliam,
1955 3370 2076 3472 sst
2125 3371 2769 3471 Germaniam
2809 3402 3060 3507 ‘per-

325 3517 886 3617 meantium
926 3592 957 3636 ,
1024 3550 1244 3654 quas
1309 3518 1411 3617 in
1438 3513 1988 3616 Provincias
2034 3509 2280 3611 bella
2324 3545 2477 3612 eos
2518 3504 3057 3644 frequentia

340 3658 802 3793 praecipue
861 3657 1035 3758 sub
1129 3657 1407 3795 regni
1481 3653 1876 3755 initium
1936 3648 2400 3787 proficisci
2490 3651 2949 3786 cogebant
3013 3684 3049 3773 3

335 3797 571 3897 hinc
642 3797 823 3896 illae
883 3795 1431 3933 frequentes
1499 3793 1811 3897 adhuc
1877 3793 2246 3893 exstant
2316 3792 2446 3892 cis
2488 3866 2517 3911 ‚
2599 3791 2723 3890 ὃζ
2795 3821 3057 3889 trans

319 3936 635 4071 'Alpes
685 3936 807 4038 ὅζ
843 3935 1276 4037 Rheticas
1319 4015 1344 4055 ,
1399 3935 1529 4036 ⁴&
1576 3935 2097 4033 maritimas
2128 4010 2154 4052 ,
2217 3932 2338 4032 ssc
2384 3927 3051 4033 intermedias,

366 4079 376 4086 ’
476 4078 1128 4176 Monumenta
1185 4078 1560 4213 publica
1615 4075 2300 4175 decorabantur
2350 4104 2457 4199 ut
2514 4070 3047 4203 plurimum

330 4214 648 4352 aliqua
701 4216 1320 4352 inscriptione
1360 4297 1388 4338 ,
1459 4248 1623 4315 aut
1695 4212 2238 4314 nominibus
2328 4208 2665 4307 saltem
2740 4207 3061 4340 Magi·-

325 4354 845 4476 stratuum,
917 4358 1662 4492 Imperatorum,
1731 4357 2109 4487 Regum
2145 4426 2178 4467 ,
2237 4348 2754 4485 aut-etiam
2828 4347 3031 4581 ί(ξηι-

323 4528 811 4613 ratorum‚
881 4532 1283 4630 quotum
1360 4495 1785 4630 auspiciis
1853 4525 2021 4591 aut
2086 4524 2298 4589 aere
2339 4564 2364 4604 ‚
2435 4519 2594 4586 aut
2636 4518 2821 4583 con
2900 4484 3044 4583 lio

303 4636 748 4740 extrucsta
777 4635 1168 4779 forent,
1227 4675 1526 4778 atque
1551 4632 1969 4776 'perfesta
2000 4710 2022 4736 .
2089 4625 2670 4766 Hujusmodi
2728 4623 3021 4733 hono-.-

2137 4842 2144 4853 .
2654 4795 2872 4866 rem
2998 4822 3003 4828 ·
