4484 5850
422 538 621 652 gicae
657 597 687 643 ,
750 536 829 620 8<
867 539 1223 624 Comicae
1253 536 1458 650 poesi
1508 537 1857 651 praesrnt,
1896 534 2345 645 hujusmodi
2394 534 2762 650 personas
2801 447 3152 650 praezna-

418 656 659 739 nibus
718 679 1057 740 tenent.
1116 654 1598 764 Huiusmodi
1644 655 1904 740 etiam
1950 653 2299 768 personae
2347 656 2431 738 in
2474 656 2986 739 Terentiano
3031 657 3154 739 Bi·

422 770 853 856 bliothecae
916 775 1344 856 Vaticanae
1416 773 1775 880 Codice,
1828 773 1910 854 8<
1956 771 2219 857 altero
2247 768 2659 857 Parifienfi
2718 772 2991 888 Regiae
3021 774 3149 855 Bi-

413 889 898 996 bliothecae,
956 891 1385 1004 unicuique
1439 888 1723 996 fabulae
1780 887 2112 1003 praefixae
2158 894 2735 975 inveniuntur.
2793 890 2918 974 Idi
2979 886 3151 973 sum

414 1006 656 1089 nobis
699 1003 1044 1090 ostendit
1094 1005 1517 1092 venustum
1566 1007 2087 1123 Anthologiae
2132 1011 2417 1093 Graecae
2459 1006 2894 1093 distichon.
3009 1010 3047 1119 ]
3184 1011 3502 1153 [gig-''¹⁶32-

677 1232 1107 1374 H’yo'Loto-oes
1166 1234 1624 1353 πλοκοᾷιες,
1683 1233 1949 1350 munos,
2006 1241 2250 1356 μελὶ,
2309 1237 2501 1354 κη’ρον
2531 1305 2559 1354 ,
2616 1238 2869 1350 σ’δὸιντυι

778 1357 944 1449 Της
1001 1355 1223 1450 nimiis
1285 1353 1586 1453 δαπάνης
1639 1354 1831 1466 ὄψιν
1885 1355 1962 1445 οἶν
2018 1354 2438 1476 η’γόμισοις.

657 1586 842 1675 Mel
867 1653 896 1700 ,
938 1586 1203 1700 sucum
1226 1656 1253 1702 ,
1312 1625 1554 1678 ceram
1585 1656 1612 1702 ,
1669 1596 1932 1680 dentes
2008 1598 2199 1680 emis
2252 1658 2282 1704 ,
2346 1622 2580 1711 atque
2631 1595 2977 1715 capillos:

665 1714 795 1790 At
843 1713 1056 1792 tanti
1106 1743 1256 1794 non
1301 1712 1416 1825 est
1459 1715 1765 1829 integra
1811 1711 2045 1799 larva
2094 1712 2244 1808 tibi
2279 1774 2304 1799 .

526 1947 1105 2054 Numerantur
1156 1946 1292 2031 hic
1346 1948 1630 2033 omnia
1672 2009 1702 2057 ,
1756 1980 1933 2065 quae
2003 1952 2109 2038 ad
2159 1951 2649 2037 comendum
2722 1974 3023 2065 caput,
3077 1951 3160 2058 ὃς

411 2057 851 2146 fucandurn
900 2064 1219 2148 vultum
1290 2062 1549 2150 solent
1596 2072 2058 2181 comparari
2103 2128 2130 2174 ,
2189 2069 2758 2182 derideturque
2815 2067 3159 2180 quidam

415 2181 542 2280 ita
585 2178 660 2264 se
711 2209 1092 2287 comem,
1155 2208 1242 2264 ut
1292 2211 1439 2295 pro
1463 2181 1812 2268 deformi
1851 2185 2191 2297 pulcher
2240 2185 2713 2269 videretur:
2748 2214 2913 2268 non
2949 2183 3163 2268 tanti

421 2297 750 2410 igitur,
797 2300 1067 2413 inquit
1134 2305 1438 2404 Poeta,
1504 2300 1826 2397 stetisset
1877 2302 2107 2386 larva
2147 2361 2174 2407 ,
2234 2299 2363 2385 seu
2413 2300 2777 2414 persona,
2803 2302 2966 2386 haec
2988 2330 3164 2386 om·

416 2417 562 2498 nia
622 2415 773 2532 tibi
820 2444 979 2500 una
1032 2413 1258 2500 fimul
1284 2415 1654 2500 adferens
1705 2416 2109 2502 adscititia
2154 2444 2700 2503 ornamenta.
2764 2423 2963 2532 Quae
2988 2446 3161 2502 om·

417 2530 566 2634 nia
623 2531 975 2647 quisquis
1024 2558 1351 2618 attenta
1405 2532 2041 2620 confideratione
2085 2527 3157 2650 perpendat,‘multa,quae

417 2648 507 2731 in
588 2653 945 2763 antiquis
1015 2654 1567 2736 monumentis
1638 2679 2070 2738 occurrunt
2141 2657 2419 2766 capita
2459 2714 2493 2760 ,
2573 2653 2944 2767 personas
3001 2650 3156 2736 esse

418 2766 802 2882 agnoscet
843 2829 871 2874 ,
936 2798 1082 2853 nec
1129 2770 1217 2852 in
1271 2798 1457 2853 eum
1501 2768 1931 2872 delabetur
1970 2800 2378 2878 errorem,
2437 2772 2525 2854 in
2575 2798 2823 2885 quern
2858 2769 3160 2855 eruditi

424 2884 765 2999 quidam
805 2883 1154 3001 delapsi,
1215 2913 1303 2971 ut
1345 2889 1577 2973 Fulv.
1620 2886 1960 3011 Ursinus
2004 2888 2357 3005 quodam
2417 2891 2501 2975 in
2549 2917 2954 2989 marmore
3022 2916 3159 2972 no·
3212 2946 3233 2967 .

429 3004 591 3087 stro
640 3002 1051 3089 simillimo
1097 3009 1184 3090 in
1231 3005 1384 3088 suis
1433 3008 1924 3121 imaginibus
1969 3007 2403 3122 agnoscens
2440 3005 3162 3092 CallimachiPoe·

431 3146 531 3204 tae
603 3120 893 3206 c'omici
935 3124 1230 3237 eaput,
1283 3124 1366 3205 8<
1423 3122 2081 3208 Montfauconius
2131 3127 2380 3208 variis
2434 3127 2518 3206 in
2565 3124 2754 3207 locis
2790 3120 3159 3236 personas

426 3267 580 3352 pro
642 3238 979 3323 abscissis
1035 3241 1436 3355 capitibus
1485 3243 1933 3353 accipiens·
2001 3240 2158 3325 Sed
2201 3240 2444 3326 semel
2495 3244 2826 3355 cognita
2904 3237 3163 3352 perso·

428 3383 726 3439 narum
768 3354 1025 3441 forma
1058 3419 1085 3463 ,
1139 3361 1219 3440 8<
1271 3357 1762 3443 scenicorum
1813 3358 2188 3442 ludorum
2228 3386 2419 3441 cum
2447 3354 2952 3465 Dionysiacis
2976 3384 3167 3440 con·

427 3470 894 3583 junaione,
951 3478 1360 3591 explicatu
1408 3474 1686 3560 facilia
1741 3473 1926 3558 sunt
1978 3478 2320 3588 antiqua
2363 3496 2902 3557 monumenta
2958 3472 3163 3556 mul·

426 3614 576 3696 ta,
636 3582 1070 3703 praesertim
1135 3623 1236 3677 ea
1276 3652 1303 3698 ,
1364 3622 1535 3707 quae
1580 3592 1804 3676 nulla
1858 3593 2225 3676 humana:
2272 3592 2500 3675 eaedis
2567 3590 2872 3674 habent
2933 3588 3160 3674 vesti·

431 3710 622 3821 gia,
682 3708 759 3789 8<
825 3712 1305 3797 Bacchicum
1358 3737 1635 3819 tamen
1699 3698 2049 3793 thiastim
2116 3737 2306 3795 cum
2360 3710 2608 3793 variis
2658 3712 3073 3824 orgiorum
3134 3766 3163 3813 ,

429 3822 1499 3939 scenicorumque-ludorum
1549 3824 2097 3912 instrumentis
2146 3826 2775 3936 repraesentant,
2832 3823 3170 3931 utyide'-
3235 3904 3268 3962 h
3312 3905 3368 3959 T

430 3970 520 4025 re
560 3939 666 4026 est
714 3945 798 4026 in
844 3972 1162 4029 cratere
1207 3932 1480 4029 Sanffi
1515 3942 1890 4054 Dionysii
1952 3972 2198 4057 penes
2247 3938 3169 4050 Montfauconium,[b]
3206 3909 3643 4059 tfip.⁰’2”2‘.¹'p'²‘

427 4059 507 4138 8<
565 4059 646 4140 in
712 4061 974 4145 Gutto
1048 4064 1148 4146 ab
1199 4063 1689 4177 Eggelingio
1738 4062 2149 4176 explicato
2205 4059 2305 4175 (i)
2349 4122 2376 4168 ,
2440 4063 2519 4144 8<
2599 4063 2687 4144 in
2743 4060 3163 4144 Gronovio
3200 4052 3268 4115 ω
3340 4051 3574 4103 cmm·

434 4172 602 4286 [K]
634 4236 661 4281 ,
727 4176 1056 4291 aliisque
1105 4180 1386 4262 multis
1418 4239 1442 4262 .
3233 4121 3646 4257 gaz-anm.

551 4291 1078 4378 Personarum
1128 4294 1594 4380 struRuram
1643 4295 2044 4404 vidimus,
2106 4325 2321 4381 nunc
2365 4294 2661 4406 duplex
2689 4292 3012 4377 illarum
3036 4291 3151 4375 di·
3202 4263 3648 4404 ‘fh.⁷s0‘172‘c,},}.

432 4406 943 4525 stinguendus
996 4411 1104 4498 est
1155 4413 1322 4496 usus
1366 4473 1386 4496 .
1448 4416 1640 4498 Aliae
1707 4413 2172 4498 drammata
2236 4415 2658 4526 agentium
2729 4409 2910 4493 sunt
2992 4437 3181 4521 pro·

426 4530 623 4639 priae
657 4587 685 4632 ,
749 4529 1393 4635 aliaeludionum,
1460 4532 2065 4644 mimorumque
2110 4556 2438 4614 tantum
2476 4589 2497 4610 .
2561 4533 2761 4641 Qua:
2800 4523 3168 4610 afiorum

429 4668 720 4752 erant,
763 4647 1190 4760 ingentem
1245 4649 1407 4732 oris
1453 4647 1782 4732 hiatum
1847 4650 2329 4760 plerumque
2377 4646 3033 4762 praeseferebant,
3076 4666 3171 4727 ut

1706 4770 1773 4848 F
1833 4792 1892 4871 4
2865 4758 3052 4845 faci-
