4484 5850
1436 445 1492 549 ὀ

1267 455 1651 669 furialem
1698 580 2013 669 rabiem
2061 597 2704 667 converterunt:
2749 579 2881 665 vel
2929 607 2976 664 a
3009 579 3290 667 dolore
3321 641 3350 689 ,
3385 608 3548 695 quo
3591 586 3745 669 Ino
3790 581 4019 701 supe·

1253 726 1495 786 rante
1550 699 1751 784 furit
1797 699 2010 811 apud
2057 702 2535 802 Nonnum,
2602 698 2683 781 8<
2762 700 3019 782 AEora
3083 699 3372 809 laqueo
3429 700 3504 783 se
3554 698 4010 812 suspendit,

1260 818 1344 901 8<
1401 819 1690 902 Aura
1668 846 1751 902 ιιι
1814 818 2216 922 Veneris,
2261 816 2339 898 8<
2387 814 2828 928 Cupidinis
2860 814 3208 900 statuam
3256 815 3532 902 saevit.
3597 819 3731 901 vel
3782 818 4010 903 deni-

1255 963 1415 1051 que
1476 935 1582 1018 ab
1641 931 1810 1045 ipso
1870 933 2075 1017 vino
2120 995 2148 1036 ,
2219 963 2388 1047 quo
2476 932 2900 1016 madentes
2975 933 3413 1048 aliquando
3497 935 4014 1020 mulierculas

1258 1052 1606 1135 omnino
1649 1049 2194 1162 expudoratas
2256 1049 2747 1156 discurrere,
2812 1048 3170 1134 saltitare
3217 1112 3245 1153 ,
3309 1049 3668 1156 ululare,
3716 1053 4013 1137 multan-

1255 1196 1415 1282 que
1464 1159 1693 1271 visu,
1726 1172 1801 1250 8<
1851 1166 2071 1253 diestu
2120 1162 2398 1281 turpia
2460 1164 2725 1250 facere
2760 1164 3249 1253 consuevisse
3299 1165 4003 1254 verosimillimum

1255 1282 1443 1390 est,
1505 1283 1935 1401 multisque
2024 1291 2283 1370 etiam
2347 1286 2427 1368 8<
2476 1286 3032 1369 monumentis
3080 1344 3110 1390 ,
3167 1285 3248 1366 8<
3311 1282 3729 1369 auflorum
3794 1284 4012 1371 testi-

1257 1402 1562 1486 moniis
1624 1402 2331 1515 comprobatum.
2391 1400 2934 1485 Temulentia
3013 1430 3208 1485 vero
3278 1430 3435 1514 prae
3501 1403 3685 1485 aliis
3727 1401 4004 1487 caussis

1255 1516 1417 1604 hoc
1452 1518 1630 1602 loco
1680 1521 1913 1606 nobis
1954 1548 2084 1604 ma
2148 1522 2212 1603 is
2253 1518 2611 1619 arridet,
2650 1521 2844 1631 quia
2881 1517 3253 1602 iracundi
3287 1515 3582 1600 furoris
3627 1519 3846 1603 nulla
3885 1519 4015 1602 vi-

1255 1633 1538 1719 demus
1591 1632 1973 1751 vestigia3
2011 1548 2139 1719 se}
2191 1635 2357 1721 haec
2386 1637 2656 1748 potius
2689 1632 2859 1718 est
2837 1659 3057 1719 mter
3080 1633 3336 1718 sacros
3368 1634 3575 1719 ritus
3612 1636 4005 1720 immanis

1260 1751 1691 1857 hilaritas,
1713 1753 1792 1833 8<
1827 1753 2294 1866 protervia,
2335 1779 2586 1866 quam
2632 1779 2731 1835 ex
2762 1776 3008 1864 epoto
3057 1753 3254 1835 vino
3283 1776 3567 1835 natam
3600 1752 3815 1838 aliud
3852 1780 4003 1837 nos

779 1870 1040 1941 *ΠΜ
1057 1880 1226 1938 ¹·P·²·
1270 1878 1634 1953 inarmor
1679 1869 1920 1955 docet
1968 1869 2183 1981 apud
2253 1867 2975 1956 Montfauconium
3030 1865 3157 1979 [a]
3189 1930 3217 1971 ,
3289 1867 3509 1982 quod
3566 1893 3657 1952 ut
3716 1868 4010 1955 Leaor

891 1963 982 1999 ¹’
1266 2014 1452 2071 cum
1506 1984 1773 2071 nostro
1832 1986 2200 2072 conferat
2252 1984 2467 2070 illius
2525 1986 2778 2070 oculis
2849 1985 2983 2071 hic
3030 1984 3545 2094 subjicimus.
3604 1987 3727 2070 Ibi
3782 1987 4003 2073 nuda

1261 2103 1433 2188 fere
1493 2109 1821 2217 penitus
1866 2099 2160 2189 mulier
2215 2132 2558 2216 corpus,
2605 2128 2697 2187 ut
2748 2100 3057 2210 nostra,
3097 2125 3638 2215 contorquet,
3692 2105 3767 2186 8<
3802 2102 4012 2218 supi·

1265 2244 1411 2306 nat
1469 2220 1769 2306 sursum
1840 2225 1927 2306 in
1971 2221 2272 2307 coelum
2323 2223 2707 2304 intuensz
2756 2222 3131 2304 manibus
3182 2247 3371 2304 vero
3419 2219 3819 2303 chora'ulae
3853 2220 4000 2305 du-

1255 2337 1453 2451 plici
1504 2339 1707 2424 tibia
1767 2338 2123 2424 ludentis
2169 2337 2780 2452 imagunculam
2827 2362 3098 2422 tenet.
3163 2367 3212 2422 a
3260 2338 3458 2422 laeva
3509 2337 4001 2423 muliercula

1253 2449 1579 2539 Herma
1631 2454 1744 2540 est
1803 2482 2049 2571 caput
2105 2456 2469 2539 hominis
2522 2481 2959 2539 cornutum
3011 2456 3371 2559 habens,
3429 2453 3644 2587 quod
3694 2457 3997 2541 Bacchi

1254 2570 1407 2655 effe
1466 2574 1860 2683 opinatur
1923 2570 2687 2657 Montfauconius.
2770 2572 3064 2655 Altera
3112 2601 3215 2656 ex
3259 2596 3491 2683 parte
3554 2574 3685 2654 vir
3731 2572 3991 2655 nudus

1257 2688 1484 2770 intra
1534 2687 1804 2773 lacum
1848 2691 2141 2771 vinum
2184 2716 2286 2771 ex
2316 2688 2656 2773 calcatis
2691 2690 2868 2771 uvis
2928 2717 3208 2773 recens
3272 2686 3715 2802 expressum
3761 2687 3994 2802 large

1260 2803 1473 2888 bibit
1513 2832 1536 2884 ι
1599 2832 1757 2917 qua
1804 2833 1906 2889 ex
1951 2833 2036 2889 re
2085 2804 2557 2912 conjicimus
2600 2802 3052 2911 hujusmodi
3094 2804 3585 2890 mulierculae
3639 2802 4001 2890 furorem

1260 2921 1366 3007 ab
1428 2921 1866 3007 immodica
1924 2924 2347 3035 potatione
2400 2917 2903 3035 profeaestum.

1376 3040 1496 3122 At
1542 3040 1836 3125 Bacchi
1887 3040 2242 3123 diximus
2290 3037 2441 3125 effe
2493 3039 2889 3124 muliebre
2922 3039 3432 3126 simulacrum
3462 3101 3493 3147 ,
3521 3037 3734 3154 quod
3772 3064 3998 3125 utra·

1254 3180 1415 3268 que
1482 3184 1731 3241 manu
1793 3156 2093 3242 sursum
2162 3157 2384 3242 tollit
2470 3154 2838 3242 fanatica
2917 3156 3264 3243 femina.
3319 3162 3497 3242 Cur
3562 3159 3755 3241 ita?

1373 3273 1732 3387 Sulpicio
1766 3273 2100 3391 quidem
2153 3277 2510 3390 primum
2549 3273 2898 3359 subierat
2949 3277 3372 3381 animum,
3433 3303 3633 3358 num
3678 3272 3990 3388 aliquid

1252 3389 1389 3474 hic
1462 3389 1713 3476 simile
1781 3417 2241 3478 occurreret
2317 3397 2559 3476 Aurae
2641 3390 2895 3476 furori
2964 3422 3013 3476 a
3089 3396 3407 3476 Nonno
3449 3389 3848 3503 descripto
3897 3393 3989 3474 in

1191 3608 1196 3615 ,
1251 3505 1413 3592 fine
1453 3509 1641 3592 libri
1688 3511 2017 3593 ultimi.
2077 3512 2425 3593 Veneris
2481 3507 2626 3593 illa
2674 3505 3013 3592 statuam
3065 3535 3537 3623 arreptam,
3562 3507 3991 3613 nudatam,

1256 3624 1688 3739 flagrisque
1729 3629 2053 3741 egregie
2097 3625 2378 3710 caesam
2421 3623 2879 3709 demersisse
2919 3625 3272 3735 dicitur;
3332 3649 3418 3708 at
3467 3653 3714 3737 quum
3769 3624 3997 3708 null'a

1255 3740 1476 3825 hanc
1549 3739 1901 3826 nostram
1959 3744 2434 3854 opinionem
2494 3739 2918 3850 adjuvaret
2963 3740 3426 3852 εοιιῇεὲὶιιτει
3470 3802 3505 3851 ,
3565 3768 3737 3824 non
3798 3740 3998 3826 huic.

1253 3859 1400 3941 uni
1451 3857 2121 3993 acquiescendum
2167 3857 2670 3944 censuimus.

1251 3976 1258 3983 ’
1372 3973 1809 4080 Cuiusdam
1853 3979 2114 4061 etiam
2168 3977 2543 4089 apprime
2589 3973 2806 4060 doffi
2854 3978 3012 4060 viri
3063 3977 3455 4082 monitu,
3504 3975 3587 4056 δε
3645 3971 3986 4060 austori-

1249 4112 1434 4176 tate
1478 4091 1798 4176 adduffi
1866 4092 2202 4197 sumus,
2259 4119 2350 4175 ut
2426 4090 3013 4203 suspicaremur
3078 4091 3611 4200 hujuscemodi
3669 4096 3987 4176 icuncu·

1243 4210 1420 4294 lan
1488 4212 1729 4295 alicui
1797 4207 2194 4294 veneficio
2264 4206 2409 4293 effe
2456 4207 3005 4313 destinatam,
3059 4209 3783 4322 mulierculamque
3846 4235 3981 4289 ve·

1249 4325 1604 4411 neficam
1658 4325 1870 4433 eisc,
1917 4327 2370 4412 Canidiam
2428 4350 2690 4438 puta,
2746 4353 2887 4411 aut-
2940 4329 3409 4461 Saganam,
3456 4353 3798 4440 quarum
3860 4323 3980 4405 in·

1255 4446 1774 4529 cantationes
1808 4474 1967 4558 ope
2014 4449 2276 4529 etiam
2332 4445 3041 4555 imagunculamm
3083 4442 3339 4527 fastas
3388 4445 3663 4526 innuit
3719 4444 3989 4527 Hora·

1256 4563 1463 4663 tius,
1527 4590 1772 4674 penes
1830 4590 2078 4677 quem
2124 4559 2480 4648 Canidia
2526 4558 2629 4648 stc
2689 4559 2923 4649 suam
2994 4559 3247 4730 jacstat
3312 4587 3587 4646 artem
3628 4554 3985 4673 Epodon

1265 4677 1590 4764 len.

3726 4795 3870 4875 An
