4484 5850
1688 496 1733 552 2
1958 504 1963 509 .

1498 617 1586 673 re
1631 500 1902 671 {ilitia
1946 646 1974 693 ‚
2040 586 2427 672 Glitiana
2487 585 2756 698 potius
2815 582 3158 669 dicenda
3218 581 3417 690 est,
3493 584 3574 668 &
3627 612 3676 668 a
3737 582 3999 670 Glitio
4060 587 4235 672 Gli-

1498 708 1619 788 tia
1677 707 2019 788 omnino
2080 704 2242 788 dici
2306 703 2586 787 debuit
2651 764 2679 807 ‚
2765 726 2856 785 ut
2918 730 3020 784 ex
3082 704 3700 786 innumerarum
3763 703 4034 816 legum
4097 736 4284 791 no·-

1506 823 1865 906 minibus
1924 847 2236 907 certum
2299 820 2494 906 est.
2576 818 2834 904 Glitii
2895 847 3090 902 vero
3150 820 3372 903 Galli
3431 878 3461 925 ,
3547 822 3630 902 8<
3687 823 3774 904 in
3833 821 4232 909 Doniana

1498 938 2034 1051 Inscriptione
2088 939 2256 1047 jam
2318 940 2571 1026 allata
2632 936 2725 1021 fit
2787 939 3105 1021 mentio
3157 996 3187 1043 ,
3246 937 3325 1018 8<
3386 965 3434 1020 a
3495 939 3890 1022 Svetonio
3952 942 4039 1022 in
4093 942 4238 1024 Ti-

1500 1058 1787 1162 berio,
1846 1059 1925 1140 8<
1987 1085 2036 1142 a
2093 1059 2395 1141 Tacito
2454 1059 2858 1143 libro'xv.
2916 1056 3374 1140 Annalium
3437 1115 3463 1160 ‚
3549 1084 3792 1166 quem
3857 1085 3905 1139 a
3964 1061 4240 1142 Nero-

1500 1205 1606 1260 ne
1672 1172 2209 1287 proscriptum
2245 1236 2273 1282 ‚
2334 1201 2424 1259 ut
2487 1178 2657 1281 ait,
2715 1175 3082 1289 Egnatia
3145 1172 3615 1257 Maximilla
3669 1172 3958 1281 conjux
4019 1174 4230 1260 secu·

1500 1320 1589 1377 ta
1651 1291 1761 1376 est
1821 1352 1845 1374 .
1928 1294 2014 1376 Si
2078 1293 2300 1377 hunc
2360 1294 2716 1377 Glitium
2760 1291 3100 1383 Gallum
3163 1320 3210 1375 a
3257 1292 3527 1403 patria
3585 1318 4234 1405 cognomentum

1498 1411 1724 1495 Galli
1791 1408 2171 1495 lortitum
2234 1409 2459 1495 fuiss‘e
2520 1412 2807 1494 liceret
2867 1406 3204 1492 afferete
3265 1469 3294 1512 ,
3377 1410 3852 1521 neutiquam
3913 1409 4236 1494 dubita·

1500 1556 1770 1615 stemus
1843 1527 2164 1612 credere
2248 1557 2350 1612 ex
2411 1528 2671 1616 Glitia
2731 1531 3002 1611 Gente
3091 1529 3179 1611 in
3243 1527 3394 1610 hac
3459 1527 3906 1639 Subalpina
3962 1528 4238 1613 Gallia

1499 1649 1849 1732 florente
1912 1644 2172 1758 ipsum
2233 1644 2506 1732 fuisse.

1612 1765 1731 1849 Hi
1792 1762 1973 1847 sunt
2032 1764 2274 1847 Glitii
2333 1793 2678 1875 quorum
2737 1759 3082 1873 superest
3144 1763 3542 1849 memoria
3595 1822 3623 1867 ,
3699 1789 3900 1877 quos
3963 1761 4028 1845 fi
4079 1768 4237 1850 Ca·

1498 1880 1888 1965 saubonus
1953 1879 2344 1987 noviffet‚
2408 1911 2576 1965 non
2621 1880 2966 1966 -haefifl’et
3028 1882 3113 1964 in
3176 1880 3328 1965 suis
3389 1881 3490 1966 ad
3527 1883 4012 1964 Svetonium
4064 1886 4234 1966 ani-

1492 1997 2188 2086 madverfionibus
2247 2060 2276 2105 ‚
2364 2027 2469 2083 an
2531 2026 2954 2113 corruptos
3018 1996 3348 2113 sequens
3411 1997 4004 2111 manuscriptos
4067 2003 4234 2085 Co-

1482 2117 1708 2221 ¹‚dices
1770 2116 2090 2200 Ilicium
2150 2146 2258 2201 ne
2319 2147 2470 2232 pro
2529 2119 2791 2202 Glitio
2852 2116 3214 2232 legeret.

1646 2238 1741 2317 In
1807 2235 2071 2319 Atilio
2136 2264 2331 2317 vero
2393 2236 2635 2318 Glitii
2699 2258 3251 2350 cognomento
3321 2264 3485 2319 non
3548 2232 3658 2318 est
3718 2262 3856 2319 cut
3919 2236 4222 2321 immo-'

1494 2380 1771 2436 remur
1834 2414 1862 2460 ‚
1948 2380 2145 2436 nam
2228 2352 2310 2437 id
2385 2353 2745 2441 nominis
2805 2413 2834 2460 ,
2917 2378 3008 2436 ut
3069 2382 3170 2436 ex
3231 2352 3628 2437 indicibus
3704 2354 4228 2438 Gruterianis

1494 2496 1785 2582 patet,
1846 2468 2487 2583 frequentissime
2549 2470 3021 2583 usurpatum
3087 2530 3109 2553 .
3199 2472 3328 2553 Ex
3388 2468 3602 2554 hisce
3664 2498 3859 2553 vero
3917 2470 4227 2556 duobus

1494 2588 1962 2687 nominibus
2037 2587 2288 2671 Atilii
2343 2649 2378 2696 „
2459 2590 2539 2671 &
2599 2587 2998 2703 Agricolae
3057 2646 3087 2693 ‚
3172 2587 3525 2671 alterum
3611 2584 3717 2669 est
3801 2590 4236 2700 proprium

1491 2705 1734 2788 Glitii
1794 2733 2252 2818 cognomen
2298 2767 2327 2813 ,
2412 2707 2764 2790 alterum
2821 2705 3573 2809 Libertinitatem,
3635 2705 3765 2786 vel
3827 2705 4236 2818 Adoptio-

1492 2848 1688 2914 nem
1751 2820 2150 2913 indicat,
2235 2825 2709 2936 Agricolam
2776 2824 3034 2938 magis
3096 2824 3364 2937 placet
3446 2763 3750 2905 digium
3831 2850 3882 2905 a
3943 2828 4235 2908 Patro-

1494 2967 1608 3032 no
1669 3001 1697 3047 ,
1778 2963 1916 3024 aut
2000 2945 2239 3025 Patre
2325 2940 2772 3056 adoptante
2833 3002 2861 3049 ‚
2942 2943 3085 3056 qui
3171 2944 3442 3055 potuit
3526 2937 3676 3023 effe
3769 2965 3911 3022 aut
3980 2943 4236 3053 Julius

1494 3059 1889 3170 Agricola
1949 3060 2233 3144 Taciti
2299 3061 2542 3143 Socer
2599 3121 2626 3167 ,
2712 3085 2855 3143 aut
2916 3061 3207 3171 aliquis
3267 3059 3482 3141 illius
3538 3055 4234 3171 consanguineus.

1497 3178 1960 3260 Occurrunt
2021 3178 2099 3258 8<
2163 3177 2302 3262 alii
2357 3177 2755 3293 Agricolae
2817 3205 3060 3289 penes
3132 3178 3512 3290 antiquos
3572 3176 4080 3287 ScriptoreS,
4139 3204 4231 3262 at

1493 3291 1870 3384 lubenter
1930 3296 2684 3407 praetermittimu3‚
2747 3293 2960 3412 quod
3026 3292 3240 3380 nihil
3298 3323 3484 3382 cum
3543 3290 3808 3380 nostro
3869 3323 4234 3382 commu-

1492 3437 1599 3505 ne
1657 3411 2074 3504 habeant·

2080 3650 2434 3733 GLITII
2494 3651 2884 3736 PATER
2944 3655 3105 3737 ET
3163 3651 3623 3735 TRIBVS.

1602 3886 1724 3966 At
1785 3885 1982 3966 vero
2044 3884 2256 3967 inter
2324 3883 2571 3971 Glitii
2633 3889 2972 3976 nomina
3037 3916 3262 3973 more
3327 3887 3710 3972 Romano
3809 3887 3886 3968 δι
3951 3890 4231 3973 Patris

1488 4026 1791 4094 nomen
1863 4060 1891 4106 ,
1964 4003 2041 4082 8<
2100 4003 2406 4085 Tribus
2471 4001 2818 4090 refertur
2875 4066 2897 4089 .
2977 4011 3204 4090 Inter
3265 4008 3513 4089 Cives
3575 4006 3850 4116 itaque
3909 4008 4238 4090 Roma·

1486 4144 1635 4198 nos
1695 4111 2135 4236 adscriptus
2201 4116 2561 4230 profeRo
2623 4147 2852 4230 erat,
2915 4124 3105 4207 licet
3152 4122 3394 4207 Glitii
3457 4149 3756 4204 nomen
3816 4120 4234 4235 quiddam

1479 4234 1917 4318 barbarum
1980 4265 2073 4320 ac
2134 4238 2544 4320 Celticum
2607 4243 2873 4351 potius
2931 4269 3181 4355 quam
3244 4244 3608 4324 Graecum
3668 4299 3698 4346 ‚
3779 4265 3923 4322 aut
3983 4241 4236 4325 Lati-

1479 4379 1677 4433 num
1743 4350 2029 4437 sonet.
2104 4355 2325 4436 Illius
2394 4381 2620 4467 patet
2687 4359 2949 4441 Publii
3013 4359 3507 4472 praenomine
3568 4354 3743 4439 usus
3803 4415 3831 4464 ,
3915 4386 4222 4470 quam·

1480 4497 1729 4580 quam
1796 4469 1956 4583 ipse
2019 4474 2381 4584 Quintus
2442 4474 2761 4560 dicatur
2823 4540 2842 4557 .
2935 4480 3059 4561 At
3122 4505 3378 4588 neque
3440 4473 3625 4560 heic
3685 4501 3946 4591 neque
4009 4476 4227 4560 alibi

1478 4612 1835 4696 unquam
1896 4589 2358 4702 quaestiones
2419 4651 2448 4694 ‚
2531 4619 2702 4703 quae
2760 4590 2935 4677 fieri
3000 4592 3307 4708 poss‘ent
3366 4593 3582 4676 circa
3633 4595 4225 4676 Romanorum

1471 4704 1812 4790 nomina
1859 4709 1961 4802 ab
2015 4705 2264 4806 aliis
2236 4736 2400 4817 jam
2454 4712 2804 4825 agitatas
2837 4771 2867 4823 ‚
2925 4713 3226 4806 iterum
3287 4710 3597 4828 agitare
3675 4708 4054 4910 nostruulzi
4101 4706 4224 4794 est

3837 4851 3985 4912 con
4055 4872 4090 4894 ·
