4484 5850
1626 408 1637 426 ι
1702 397 1750 452 0
2365 430 2376 439 .‚

1519 401 2007 605 Imjeratoris
2060 488 2339 570 Nervae
2380 483 2701 599 Caesart‘s
2752 482 3084 587 Trajan?
3134 485 3474 603 Augusti
3519 486 3953 578 Germanici
3972 492 4196 599 Dacici

1757 604 2191 689 Provincia
2247 608 2660 689 Pannoniae
2718 609 3031 688 Donato
3093 604 3222 686 Ab
3282 604 3581 690 Eodem

1758 717 1991 810 Bello
2052 724 2334 808 Dacico
2396 722 2634 808 Donis
2692 720 3183 809 Militaribus
3241 726 3545 809 Corona

1760 838 2065 929 Murali
2134 836 2434 925 Vallari
2496 838 2839 959 Claffica
2901 851 3167 928 Aurea
3226 843 3500 956 Hastis
3924 892 3952 905 —2

1760 961 1995 1047 Puris
2052 966 2418 1083 Qatuor
2473 959 2798 1046 Vexillis
2858 969 3227 1081 Qatuor
3288 965 3583 1078 Legata
3640 965 3959 1083 Proprie

1767 1079 2202 1165 Provincia
2264 1074 2590 1196 Belgicae
2648 1080 2855 1166 Divi
2895 1085 3200 1167 'Nervae
3257 1082 3546 1196 Legato

1767 1197 2130 1314 Legionis
2186 1202 2441 1284 Sextae
2498 1202 2578 1283 F
2579 1226 2843 1284 erratae
2900 1201 3193 1316 Legata
3249 1198 3644 1317 Hispania

1761 1320 2088 1401 Praetori
3627 1382 3634 1387 -

1762 1435 1876 1519 Di
1929 1435 2027 1518 Vi

1643 1674 1948 1789 Quinti
2008 1671 2255 1759 Glitii
2316 1671 2581 1758 Publii
2640 1672 2834 1759 Filii
2899 1701 2998 1758 ex
3038 1672 3305 1758 Tribu
3366 1671 3807 1759 Stellatina
3857 1688 3897 1783 3
3967 1700 4212 1791 eogno-

1531 1786 1815 1880 mento
1852 1788 2253 1907 Agricolae
2292 1852 2320 1895 ‚
2382 1793 2539 1875 viri
2599 1793 2677 1874 &
2713 1776 3140 1896 civilibus}
3200 1792 3798 1876 &militaribus
3862 1794 4212 1905 negotiis,

1528 1912 1607 1993 8<
1667 1913 1901 1997 rebus
1966 1907 2199 2027 gestis
2258 1906 2396 1993 sub
2460 1910 2713 1993 tribus
2764 1910 3405 2024 Imperatoribus
3452 1906 3996 2023 Vespafiano,
4045 1912 4210 1996 Ner·

1527 2056 1637 2114 va
1670 2090 1698 2137 ,
1758 2031 1835 2112 8<
1869 2025 2235 2138 Traiano
2285 2026 2697 2113 clariffirni
2725 2087 2755 2134 ,
2802 2028 3203 2111 memoria
3252 2029 3483 2113 nobis
3518 2024 3861 2141 superest
3894 2026 4024 2111 sex
4051 2053 4209 2111 mat·

1532 2150 1833 2232 moreis
1889 2145 2301 2263 lapidibus
2356 2146 2673 2231 tradita
2737 2204 2768 2253 ‚
2852 2143 3017 2230 fine
3074 2143 3367 2259 quibus
3427 2146 3771 2229 omnino
3834 2142 4209 2258 periisset,

1527 2291 1784 2380 quum
1847 2292 1950 2349 ne
2018 2265 2361 2350 verbum
2435 2263 2770 2377 quidem
2854 2261 2952 2347 de
3032 2264 3179 2347 illo
3260 2261 3473 2377 apud
3552 2265 4025 2377 quempiam
4092 2259 4212 2369 ejus

1539 2384 1802 2469 atatis
1860 2383 2360 2496 scriptorem
2421 2383 2779 2496 reperire
2840 2380 2938 2465 fit
2972 2440 2995 2465 .
3054 2382 3440 2496 Quinque
3489 2385 3830 2468 Latinas
3877 2381 4087 2466 vides
4119 2383 4213 2461 In·

1538 2499 2019 2615 scriptiones
2083 2526 2103 2582 t
2180 2504 2457 2585 Graeca
2520 2498 2682 2585 fuit
2740 2496 2960 2607 sexta
3007 2561 3034 2606 ,
3095 2499 3311 2608 cujus
3375 2496 3534 2607 jam
3598 2498 3996 2584 edidimus
4051 2497 4213 2612 frag·

1061 2619 1509 2705 [quamsae-
1547 2644 1834 2707 menta
1894 2620 1984 2702 in
2046 2621 2318 2731 prima
2379 2623 2619 2703 Parte
2675 2615 2866 2730 [a]
2912 2677 2935 2701 .
2996 2616 3378 2732 Elogium
3439 2616 3607 2704 fere
3671 2616 3991 2733 semper
4045 2616 4212 2699 idem

941 2820 968 2861 s
1061 2705 1417 2840 ἱῗὲἷῗεςῗω
1454 2711 1504 2750 ¹⁶
1546 2735 2027 2850 inscriptum
2090 2734 2316 2819 fuisse
2377 2734 2863 2821 censendum
2898 2796 2928 2843 ,
2989 2758 3310 2820 mutato
3371 2736 3950 2822 tantummodo
3991 2733 4214 2821 verbo·

1545 2883 1731 2943 rum
1776 2852 2114 2940 ordine.
2170 2853 2530 2941 Difficile
2593 2852 3032 2939 admodum
3093 2856 3250 2940 erit
3313 2853 3666 2939 alterum
3731 2856 4079 2969 reperire
4133 2875 4215 2935 to·
4323 2872 4324 2877 ‘

1545 2969 1701 3061 ties
1762 2975 2306 3087 repetitarum
2367 2971 2603 3056 unius
2650 2973 2810 3057 viri
2872 2974 2959 3057 in
3025 2972 3565 3058 marmoribus
3625 2972 3957 3058 laudum
4006 2995 4216 3057 exent-

1541 3092 1773 3209 plum
1835 3148 1859 3176 .
1948 3096 2247 3177 Praeter
2308 3114 2722 3200 mutatum
2784 3090 3219 3175 verborum
3284 3091 3654 3175 ordinem
3716 3091 3955 3176 varia
4010 3090 4214 3175 etiam
4323 3197 4324 3208 Ν

1545 3212 1911 3297 cernitur
1972 3270 2000 3318 ‚
2085 3211 2164 3293 ὃ(
2223 3209 2366 3292 vix
2450 3210 2537 3293 in
2601 3208 2781 3293 aliis
2843 3207 3384 3293 marmoribus
3468 3208 3763 3294 usitata
3844 3205 4216 3294 marmoris
4323 3211 4324 3238 ³

1544 3327 2061 3444 peripheria,
2124 3354 2216 3412 ac
2277 3324 2535 3441 figura
2596 3386 2619 3411 .
2703 3326 3044 3439 Aliquas
3125 3352 3229 3412 ex
3290 3325 3416 3410 his
3476 3327 3673 3411 olim
3738 3326 4090 3413 Taurini
4133 3349 4220 3408 re·

1545 3473 1820 3562 pertas
1902 3445 2064 3556 jam
2149 3444 2581 3530 ediderunt
2655 3445 3091 3559 Pingonius
3150 3504 3179 3552 ,
3260 3447 3649 3529 Gruterus
3705 3504 3736 3552 ,
3819 3442 4221 3531 Guicheno-

1052 3576 1165 3647 lb]
1203 3571 1514 3650 Thes-lust·
1552 3568 1729 3651 nius
1789 3625 1817 3672 ,
1897 3564 1976 3644 8<
2035 3562 2178 3647 alii
2242 3594 2272 3676 3
2350 3588 2634 3647 omnes
2693 3590 2853 3646 una
2913 3558 3141 3646 simul
3204 3561 3459 3647 edidit
3521 3565 4031 3647 Muratorius
4078 3556 4216 3667 [bJ.
4323 3567 4324 3570 ‘

1069 3663 1829 3768 '“'²''‘⁸’³¹⁸'Graeca
1895 3707 2220 3765 tantum
2280 3703 2624 3792 excepta
2687 3737 2708 3761 .
2793 3676 3322 3764 Taurinenfis
3385 3682 3661 3791 itaque
3731 3740 3761 3787 ,
3847 3704 3939 3764 ut
3997 3677 4219 3793 opina·
4323 3761 4324 3764 n

1548 3830 1731 3888 mut
1765 3860 1793 3905 ‚
1852 3799 2009 3882 fuit
2076 3796 2215 3881 iste
2266 3798 2631 3904 GlitiuS,
2690 3795 2903 3905 cujus
2960 3823 3275 3882 aeternae
3335 3796 3572 3883 farnae
3629 3796 3844 3881 hisce
3909 3796 4039 3881 sex
4077 3793 4221 3905 Epi·
4323 3811 4324 3822 ¹

1551 3917 2038 4035 grammatis
2094 3939 2429 4000 cautum
2466 3914 3011 4028 proculdubio
3045 3976 3071 4024 ‚
3130 3913 3745 4027 consultumque
3780 3913 3984 3999 fuit.
4037 3915 4222 3999 Num

1548 4064 1747 4122 vero
1809 4031 1973 4118 haec
2000 4032 2632 4147 Epigrammata
2685 4035 2768 4118 in
2806 4032 2936 4118 sex
2977 4033 3416 4148 separatim
3480 4034 3698 4119 urbis
3762 4032 3962 4118 locis
4023 4025 4223 4146 pofita

1545 4153 1994 4259 fuerint,an
2028 4152 2298 4264 potius
2325 4178 2488 4237 uno
2522 4148 2965 4266 eodemque
3003 4151 3088 4236 in
3126 4153 3305 4237 loco
3329 4153 3431 4238 ad
3455 4148 3921 4237 ornandum
3949 4140 4218 4262 aliquod

1546 4273 1673 4359 illi
1733 4268 2086 4355 ereetum
2140 4290 2763 4353 monumentum
2812 4274 3122 4354 Arcum
3179 4294 3380 4384 puta
3441 4330 3468 4376 ,
3528 4268 3744 4379 cujus
3795 4267 4107 4382 singulis
4143 4262 4224 4346 la·
4323 4377 4324 4380 Ν

1537 4389 1843 4473 teribus
1897 4386 2204 4496 scriptae
2238 4387 2480 4470 Glitii
2518 4385 2917 4501 Agricolae
2962 4386 3237 4471 laudes
3281 4387 3923 4495 exhiberentur,
3973 4373 4220 4469 nonest
4323 4435 4324 4486 3

1549 4508 1673 4590 ita
1737 4500 1974 4591 facile
2032 4499 2366 4588 definire
2402 4562 2428 4586 .
2488 4507 2767 4591 Potuit
2834 4502 3282 4616 hujusmodi
3352 4509 3614 4592 Arcus
3669 4530 4056 4592 ornatam
4111 4499 4215 4580 ha·
4323 4495 4324 4526 ³

1554 4623 1741 4709 bere
1817 4618 2179 4708 frontem
2230 4680 2267 4731 ,
2343 4618 2476 4709 seu
2535 4622 3019 4739 zophorum
3107 4652 3210 4713 ex
3286 4628 3386 4715 ii·
3445 4684 3473 4735 ,
3551 4651 3744 4740 quc·
3783 4621 4016 4739 supra
4071 4610 4220 4699 vidi·
4323 4661 4324 4682 ι

3978 4759 4136 4824 mus
