4484 5850
1787 553 1890 633 V.

1314 718 2352 906 TERTlA

722 1058 2879 1187 ·BACCHANT1UM

1213 1344 2396 1467 TABULA.

755 1604 1086 1693 Odestas
1147 1605 1416 1692 adhuc
1462 1665 1488 1711 ,
1551 1601 2035 1719 pacatasque
2107 1604 2492 1690 vidimus
2529 1600 2888 1689 Bacchas
2934 1661 2957 1687 .
3023 1606 3180 1687 Im-

810 1723 1376 1839 pudentiflimc
1429 1721 1705 1809 furens
1754 1726 2083 1807 Moenas
2128 1750 2346 1808 nunc
2393 1719 2569 1806 sese
2631 1718 2914 1804 nostris
2937 1719 3177 1806 offert

446 1843 867 1927 obtutibus
908 1900 932 1924 .
993 1839 1215 1955 Quid
1283 1842 1508 1925 enim
1563 1844 1647 1925 in
1697 1839 2037 1924 muliere
2114 1837 2474 1925 furorem
2524 1899 2552 1945 ,
2612 1838 2690 1920 8(
2758 1838 3182 1954 impuden-

452 1963 659 2045 tiam
721 1960 984 2074 magis
1030 1957 1338 2042 indicat
1371 2018 1400 2064 ‚
1445 1986 1692 2072 quam
1742 1954 2141 2072 flagitiosa
2197 1951 2578 2042 nuditas?
2623 1960 2933 2071 Capilli
2990 1983 3180 2069 prae-

451 2100 674 2162 terea
710 2076 898 2189 paffi
933 2134 961 2182 ,
1024 2073 1412 2188 quassatio
1458 2077 1798 2187 capitis,
1843 2073 2201 2186 corporis
2236 2072 2638 2159 contorfio
2683 2102 2844 2187 prae
2890 2074 2965 2160 se
3015 2072 3179 2158 fert

451 2191 903 2278 insaniam.
961 2196 1159 2306 Quae
1229 2189 1718 2277 mulierculae
1792 2189 1887 2273 fit
1945 2189 2311 2297 indoleS‚
2368 2191 2447 2271 8<
2505 2190 2828 2275 habitus
2883 2188 3179 2306 perspi-

448 2337 691 2397 cuum
752 2306 919 2393 est:
980 2334 1066 2394 at
1130 2338 1303 2422 quae
1351 2307 1660 2414 canffn,
1709 2309 1954 2421 quive
2000 2304 2276 2419 scopus
2324 2304 2667 2412 furoriS,
2721 2311 2916 2421 quid
2957 2330 3184 2422 agat,

459 2454 723 2540 quove
776 2424 1087 2510 feratur
1127 2485 1156 2534 ‚
1234 2427 1565 2542 cognitu
1627 2424 2025 2510 difficilius
2072 2481 2096 2505 .
2157 2427 2342 2507 Arae
2396 2423 2714 2508 cuidam
2770 2423 3000 2509 sertis
3054 2451 3181 2506 or·

456 2570 670 2630 natae
717 2542 1057 2628 dextero
1147 2572 1359 2659 genu
1417 2542 1809 2627 innititur
1853 2599 1877 2623 .
1939 2539 2440 2626 Muliebrem
2513 2542 2967 2627 icunculam
3020 2565 3183 2655 prae

460 2660 836 2753 manibus
884 2684 1154 2744 tenet.
1208 2665 1336 2744 Ex
1392 2657 1723 2744 adversa
1770 2682 2002 2773 parte
2042 2656 2401 2773 quaedam
2443 2655 2596 2744 stat
2646 2659 2961 2744 Herma
2991 2685 3181 2742 cum

451 2779 781 2863 barbati
824 2779 983 2860 viri
1034 2779 1352 2891 capite.
1413 2782 1605 2862 Haec
1656 2777 1776 2861 ita
1822 2774 1944 2861 fas
1993 2776 2103 2859 est
2150 2801 2555 2891 utcunque
2603 2776 3184 2890 interpretari.

544 2888 888 2979 'Mulier
932 2892 1043 2980 est
1080 2892 1591 3000 temulenta,
1640 2894 1717 2976 8<
1761 2917 2007 3008 epoto
2064 2893 2314 3006 plena
2357 2897 2543 2980 Deo
2592 2954 2614 2979 .
2697 2894 2909 2980 Bafis
2955 2957 2983 3005 ,
3051 2892 3182 2978 cui

456 3012 898 3120 innititur,
948 3040 1089 3096 ara
1155 3010 1476 3124 fortasse
1550 3011 1848 3097 Bacchi
1898 3010 2135 3095 sacris
2195 3009 2640 3098 destinata.
2686 3015 3004 3100 Herma
3051 3009 3183 3096 vel

458 3132 721 3238 Pani,
768 3130 903 3213 vel
962 3129 1288 3236 Silene,
1349 3128 1484 3213 vel
1552 3129 1696 3211 alii
1762 3125 2212 3239 hujusmodi
2265 3120 2568 3242 σ-ωιέδρῳ
2615 3156 2913 3243 nempe
2973 3131 3182 3215 socio

458 3249 737 3332 Liberi
782 3250 969 3332 Deo
1018 3244 1270 3359 polita
1301 3306 1323 3329 .
1369 3244 1754 3329 Icuncula
1801 3244 2131 3329 Bacchae
2178 3248 2553 3329 manibus
2598 3245 2902 3360 gestata
2956 3248 3179 3332 stola·

464 3365 592 3470 ti,
629 3362 761 3449 seu
813 3363 1189 3448 muliebri
1249 3360 1552 3446 amiciu
1598 3360 1864 3445 induti
1919 3362 2149 3446 nobis
2209 3358 2569 3446 creditur
2619 3366 2918 3460 Bacchi
2980 3364 3130 3449 effe
3161 3422 3183 3447 .

464 3483 785 3594 Quibus
841 3482 1004 3565 haec
1067 3478 1332 3565 nostra
1370 3479 1954 3592 interpretatio
2000 3476 2143 3562 stet
2185 3475 2705 3588 conjeeiuriS,
2743 3483 3018 3593 paucis
3053 3508 3179 3567 ex-

464 3598 869 3713 pedimus.

586 3720 847 3800 Furor
907 3713 1322 3799 muliebris
1394 3715 1480 3797 in
1533 3716 1894 3830 antiquis
1974 3718 2530 3801 monumentis
2613 3717 2712 3802 ad
2777 3718 3187 3805 Bacchum

471 3829 1070 3946 pertinentibus
1118 3829 1560 3944 expressus»,
1625 3857 1714 3916 ut
1762 3832 1925 3941 jam
1972 3831 2276 3917 diflum
2317 3834 2426 3916 est
2472 3836 2556 3918 in
2608 3839 2964 3948 primum
2998 3843 3189 3922 Bac·

466 3947 938 4034 chanalium
970 3977 1375 4054 marmor,
1403 3950 1838 4062 multiplex
1873 3949 2022 4034 effe
2051 3948 2311 4063 potest
2335 4011 2362 4057 ‚
2389 3955 2785 4065 variisque
2825 3981 2873 4036 a
2918 3954 3188 4038 caustis

467 4063 905 4178 proficisci:
967 4067 1095 4149 vel
1151 4067 1543 4149 nimirum
1591 4095 1639 4150 a
1702 4066 2023 4172 furore,
2080 4070 2218 4171 vi,
2276 4068 2354 4149 8(
2406 4070 2975 4183 indignatione
3022 4070 3186 4154 Dei

467 4167 791 4291 alicujus
843 4180 1240 4289 immisso,
1295 4182 1551 4266 veluti
1588 4184 1892 4268 Bacchi
1942 4186 2305 4269 nutrices
2338 4214 2386 4268 a
2417 4181 2788 4300 Junone‚'
2828 4187 3190 4293 Minyei-

468 4298 660 4405 des,
717 4298 1143 4412 &Argivae
1195 4299 1570 4396 mulieres
1606 4328 1654 4383 a
1693 4301 2012 4385 Baccho
2062 4303 2148 4384 in
2197 4299 2558 4385 furorem
2604 4302 3187 4415 aflae‚Agave‚

472 4417 801 4527 aliaeque
837 4415 1255 4500 Thebanae
1305 4415 1684 4498 mulieres
1746 4416 1851 4500 ab
1900 4416 2186 4500 eodem
2225 4417 2547 4501 Baccho
2589 4418 2677 4497 in
2723 4418 3187 4504 Pentheum

473 4532 897 4643 excitatae;
943 4532 1073 4616 vel
1135 4533 1237 4616 ab
1308 4533 1431 4616 ira
1500 4532 2067 4616 vehementius
2131 4555 2572 4645 concepta,
2618 4562 2777 4645 qua
2823 4563 3187 4620 nonnum

466 4643 725 4762 'quam
770 4647 1231 4735 stimulante
1283 4649 1718 4735 Bacchides
1766 4651 1962 4734 data
2015 4676 2266 4763 opera
2300 4647 2822 4763 Dionysiacos
2879 4652 3187 4736 ritusin

1683 4770 1755 4853 E
1824 4792 1866 4876 3
2835 4767 3078 4854 furia·
3197 4775 3202 4780 ’
