<?xml version="1.0" encoding="UTF-8"?>
<!DOCTYPE html PUBLIC "-//W3C//DTD XHTML 1.0 Transitional//EN"
    "http://www.w3.org/TR/xhtml1/DTD/xhtml1-transitional.dtd">
<html xmlns="http://www.w3.org/1999/xhtml" xml:lang="en" lang="en">
 <head>
  <title>
</title>
<meta http-equiv="Content-Type" content="text/html;charset=utf-8" />
  <meta name='ocr-system' content='tesseract 3.04.00' />
  <meta name='ocr-capabilities' content='ocr_page ocr_carea ocr_par ocr_line ocrx_word'/>
</head>
<body>
  <div class='ocr_page' id='page_1' title='image "./marmorataurinen00ricogoog_0356.png"; bbox 0 0 4484 5850; ppageno 0'>
   <div class='ocr_carea' id='block_1_1' title="bbox 67 3298 76 3898">
    <p class='ocr_par' dir='ltr' id='par_1_1' title="bbox 67 3298 76 3898">
     <span class='ocr_line' id='line_1_1' title="bbox 67 3298 76 3898; baseline 0 0"><span class='ocrx_word' id='word_1_1' title='bbox 67 3298 76 3898; x_wconf 95' lang='lat' dir='ltr'> </span> 
     </span>
    </p>
   </div>
   <div class='ocr_carea' id='block_1_2' title="bbox 1257 592 4175 4625">
    <p class='ocr_par' dir='ltr' id='par_1_2' title="bbox 1449 592 4141 1015">
     <span class='ocr_line' id='line_1_2' title="bbox 1585 592 4139 729; baseline -0.001 -26"><span class='ocrx_word' id='word_1_2' title='bbox 1585 599 1913 716; x_wconf 85' lang='lat' dir='ltr'>Restat</span> <span class='ocrx_word' id='word_1_3' title='bbox 1976 599 2459 713; x_wconf 84' lang='lat' dir='ltr'>ultimum</span> <span class='ocrx_word' id='word_1_4' title='bbox 2498 592 2619 696; x_wconf 87' lang='lat' dir='ltr'>de</span> <span class='ocrx_word' id='word_1_5' title='bbox 2680 593 3168 710; x_wconf 77' lang='lat' dir='ltr'>veteribus</span> <span class='ocrx_word' id='word_1_6' title='bbox 3189 594 3728 729; x_wconf 80' lang='lat' dir='ltr'>hujusmodi</span> <span class='ocrx_word' id='word_1_7' title='bbox 3797 632 4139 701; x_wconf 81' lang='lat' dir='ltr'>monu-</span> 
     </span>
     <span class='ocr_line' id='line_1_3' title="bbox 1449 695 4135 875; baseline -0.001 -35"><span class='ocrx_word' id='word_1_8' title='bbox 1449 695 1801 844; x_wconf 89' lang='lat' dir='ltr'>mentis</span> <span class='ocrx_word' id='word_1_9' title='bbox 1877 770 2166 873; x_wconf 86' lang='lat' dir='ltr'>pauca</span> <span class='ocrx_word' id='word_1_10' title='bbox 2239 733 2667 875; x_wconf 71' lang='lat' dir='ltr'>praefari,</span> <span class='ocrx_word' id='word_1_11' title='bbox 2736 734 2857 840; x_wconf 76' lang='grc' dir='ltr'>ὃζ</span> <span class='ocrx_word' id='word_1_12' title='bbox 2921 736 3420 835; x_wconf 86' lang='lat' dir='ltr'>nonnullas</span> <span class='ocrx_word' id='word_1_13' title='bbox 3482 737 3822 840; x_wconf 77' lang='lat' dir='ltr'>addere</span> <span class='ocrx_word' id='word_1_14' title='bbox 3889 741 4135 839; x_wconf 82' lang='lat' dir='ltr'>circa</span> 
     </span>
     <span class='ocr_line' id='line_1_4' title="bbox 1451 874 4141 1015; baseline -0.003 -37"><span class='ocrx_word' id='word_1_15' title='bbox 1451 877 2188 1015; x_wconf 86' lang='lat' dir='ltr'>Inscriptionum</span> <span class='ocrx_word' id='word_1_16' title='bbox 2261 876 2543 978; x_wconf 90' lang='lat' dir='ltr'>usum</span> <span class='ocrx_word' id='word_1_17' title='bbox 2586 874 3271 986; x_wconf 77' lang='lat' dir='ltr'>observationes</span> <span class='ocrx_word' id='word_1_18' title='bbox 3340 876 3862 977; x_wconf 82' lang='lat' dir='ltr'>Tironibus</span> <span class='ocrx_word' id='word_1_19' title='bbox 3918 912 4141 1012; x_wconf 67' lang='lat' dir='ltr'>prae·</span> 
     </span>
    </p>

    <p class='ocr_par' dir='ltr' id='par_1_3' title="bbox 1309 999 4150 1287">
     <span class='ocr_line' id='line_1_5' title="bbox 1309 999 4150 1156; baseline -0 -42"><span class='ocrx_word' id='word_1_20' title='bbox 1309 999 1332 1024; x_wconf 75' lang='grc'>’</span> <span class='ocrx_word' id='word_1_21' title='bbox 1451 1019 1786 1150; x_wconf 87' lang='lat' dir='ltr'>cipue,</span> <span class='ocrx_word' id='word_1_22' title='bbox 1854 1052 2256 1151; x_wconf 85' lang='lat' dir='ltr'>quorum</span> <span class='ocrx_word' id='word_1_23' title='bbox 2311 1014 2604 1151; x_wconf 82' lang='lat' dir='ltr'>gratia</span> <span class='ocrx_word' id='word_1_24' title='bbox 2677 1013 2969 1129; x_wconf 89' lang='lat' dir='ltr'>etiam</span> <span class='ocrx_word' id='word_1_25' title='bbox 3004 1011 3550 1156; x_wconf 67' lang='lat' dir='ltr'>scribimus,</span> <span class='ocrx_word' id='word_1_26' title='bbox 3620 1049 3798 1116; x_wconf 86' lang='lat' dir='ltr'>nec</span> <span class='ocrx_word' id='word_1_27' title='bbox 3864 1015 4150 1126; x_wconf 82' lang='lat' dir='ltr'>inuti·</span> 
     </span>
     <span class='ocr_line' id='line_1_6' title="bbox 1457 1153 2557 1287; baseline -0.002 -35"><span class='ocrx_word' id='word_1_28' title='bbox 1457 1154 1652 1273; x_wconf 75' lang='lat' dir='ltr'>lcS,</span> <span class='ocrx_word' id='word_1_29' title='bbox 1719 1191 1893 1255; x_wconf 89' lang='lat' dir='ltr'>nec</span> <span class='ocrx_word' id='word_1_30' title='bbox 1946 1153 2557 1287; x_wconf 83' lang='lat' dir='ltr'>injucundas.</span> 
     </span>
    </p>

    <p class='ocr_par' dir='ltr' id='par_1_4' title="bbox 1453 1249 4164 1983">
     <span class='ocr_line' id='line_1_7' title="bbox 1592 1249 4160 1454; baseline -0.003 -56"><span class='ocrx_word' id='word_1_31' title='bbox 1592 1296 2198 1432; x_wconf 78' lang='lat' dir='ltr'>Qaecunque</span> <span class='ocrx_word' id='word_1_32' title='bbox 2259 1291 2663 1454; x_wconf 86' lang='lat' dir='ltr'>superest</span> <span class='ocrx_word' id='word_1_33' title='bbox 2709 1249 3092 1428; x_wconf 83' lang='lat' dir='ltr'>antiqua</span> <span class='ocrx_word' id='word_1_34' title='bbox 3129 1294 3679 1409; x_wconf 87' lang='lat' dir='ltr'>memoria,</span> <span class='ocrx_word' id='word_1_35' title='bbox 3754 1291 3921 1394; x_wconf 78' lang='lat' dir='ltr'>vel</span> <span class='ocrx_word' id='word_1_36' title='bbox 3942 1291 4160 1428; x_wconf 74' lang='lat' dir='ltr'>sup,-</span> 
     </span>
     <span class='ocr_line' id='line_1_8' title="bbox 1457 1429 4166 1567; baseline -0.001 -36"><span class='ocrx_word' id='word_1_37' title='bbox 1457 1433 1766 1566; x_wconf 83' lang='lat' dir='ltr'>pellex</span> <span class='ocrx_word' id='word_1_38' title='bbox 1822 1510 1849 1552; x_wconf 98' lang='lat'>,</span> <span class='ocrx_word' id='word_1_39' title='bbox 1954 1469 2076 1534; x_wconf 87' lang='lat' dir='ltr'>ea</span> <span class='ocrx_word' id='word_1_40' title='bbox 2135 1434 2560 1532; x_wconf 79' lang='lat' dir='ltr'>maximo</span> <span class='ocrx_word' id='word_1_41' title='bbox 2632 1432 3099 1567; x_wconf 81' lang='lat' dir='ltr'>semper</span> <span class='ocrx_word' id='word_1_42' title='bbox 3072 1469 3177 1540; x_wconf 88' lang='grc' dir='ltr'>ιιι</span> <span class='ocrx_word' id='word_1_43' title='bbox 3255 1432 3564 1567; x_wconf 87' lang='lat' dir='ltr'>pretio</span> <span class='ocrx_word' id='word_1_44' title='bbox 3652 1429 4166 1552; x_wconf 71' lang='lat' dir='ltr'>habenda,</span> 
     </span>
     <span class='ocr_line' id='line_1_9' title="bbox 1453 1569 4175 1704; baseline -0 -37"><span class='ocrx_word' id='word_1_45' title='bbox 1453 1574 1669 1704; x_wconf 91' lang='lat' dir='ltr'>quia</span> <span class='ocrx_word' id='word_1_46' title='bbox 1734 1574 1875 1670; x_wconf 89' lang='lat' dir='ltr'>uti</span> <span class='ocrx_word' id='word_1_47' title='bbox 1918 1571 2324 1670; x_wconf 81' lang='lat' dir='ltr'><strong>diximus</strong></span> <span class='ocrx_word' id='word_1_48' title='bbox 2375 1646 2419 1688; x_wconf 85' lang='grc'><em>,</em></span> <span class='ocrx_word' id='word_1_49' title='bbox 2488 1570 2608 1670; x_wconf 86' lang='lat' dir='ltr'>ad</span> <span class='ocrx_word' id='word_1_50' title='bbox 2652 1604 3090 1686; x_wconf 84' lang='lat' dir='ltr'>veterum</span> <span class='ocrx_word' id='word_1_51' title='bbox 3144 1605 3459 1677; x_wconf 88' lang='lat' dir='ltr'>mores</span> <span class='ocrx_word' id='word_1_52' title='bbox 3501 1647 3526 1688; x_wconf 96' lang='lat'>,</span> <span class='ocrx_word' id='word_1_53' title='bbox 3620 1569 4175 1689; x_wconf 82' lang='lat' dir='ltr'>historiam,</span> 
     </span>
     <span class='ocr_line' id='line_1_10' title="bbox 1454 1707 4164 1845; baseline 0.001 -38"><span class='ocrx_word' id='word_1_54' title='bbox 1454 1709 1809 1844; x_wconf 81' lang='lat' dir='ltr'>aliaque</span> <span class='ocrx_word' id='word_1_55' title='bbox 1854 1708 2468 1845; x_wconf 85' lang='lat' dir='ltr'>intelligenda</span> <span class='ocrx_word' id='word_1_56' title='bbox 2514 1707 2933 1809; x_wconf 87' lang='lat' dir='ltr'>multum</span> <span class='ocrx_word' id='word_1_57' title='bbox 2974 1708 3474 1824; x_wconf 60' lang='lat' dir='ltr'>conducit„</span> <span class='ocrx_word' id='word_1_58' title='bbox 3549 1708 3974 1842; x_wconf 85' lang='lat' dir='ltr'>Antiqua</span> <span class='ocrx_word' id='word_1_59' title='bbox 4027 1708 4164 1820; x_wconf 78' lang='lat' dir='ltr'>di-</span> 
     </span>
     <span class='ocr_line' id='line_1_11' title="bbox 1455 1846 4164 1983; baseline 0.001 -34"><span class='ocrx_word' id='word_1_60' title='bbox 1455 1849 1697 1949; x_wconf 85' lang='lat' dir='ltr'>citur</span> <span class='ocrx_word' id='word_1_61' title='bbox 1770 1884 1823 1948; x_wconf 89' lang='lat' dir='ltr'>a</span> <span class='ocrx_word' id='word_1_62' title='bbox 1872 1849 2137 1947; x_wconf 89' lang='lat' dir='ltr'>nobis</span> <span class='ocrx_word' id='word_1_63' title='bbox 2198 1848 2678 1982; x_wconf 81' lang='lat' dir='ltr'>suppellex</span> <span class='ocrx_word' id='word_1_64' title='bbox 2731 1847 3176 1983; x_wconf 88' lang='lat' dir='ltr'>quidquid</span> <span class='ocrx_word' id='word_1_65' title='bbox 3236 1847 3488 1982; x_wconf 85' lang='lat' dir='ltr'>apud</span> <span class='ocrx_word' id='word_1_66' title='bbox 3530 1846 3822 1945; x_wconf 90' lang='lat' dir='ltr'>cultas</span> <span class='ocrx_word' id='word_1_67' title='bbox 3858 1847 4164 1953; x_wconf 77' lang='lat' dir='ltr'>natio-</span> 
     </span>
    </p>

    <p class='ocr_par' dir='ltr' id='par_1_5' title="bbox 1257 1987 4169 3644">
     <span class='ocr_line' id='line_1_12' title="bbox 1257 1987 4164 2108; baseline -0.001 -21"><span class='ocrx_word' id='word_1_68' title='bbox 1257 2079 1306 2108; x_wconf 70' lang='lat'>,</span> <span class='ocrx_word' id='word_1_69' title='bbox 1450 2019 1697 2106; x_wconf 88' lang='lat' dir='ltr'>nes,</span> <span class='ocrx_word' id='word_1_70' title='bbox 1772 1987 2071 2086; x_wconf 85' lang='lat' dir='ltr'>veluti</span> <span class='ocrx_word' id='word_1_71' title='bbox 2140 1992 2753 2105; x_wconf 80' lang='lat' dir='ltr'><strong>Romanam,</strong></span> <span class='ocrx_word' id='word_1_72' title='bbox 2823 1991 3320 2104; x_wconf 83' lang='lat' dir='ltr'>Graecam,</span> <span class='ocrx_word' id='word_1_73' title='bbox 3393 1987 3972 2087; x_wconf 71' lang='lat' dir='ltr'>Hetruscam</span> <span class='ocrx_word' id='word_1_74' title='bbox 4018 2020 4164 2094; x_wconf 81' lang='lat' dir='ltr'>ex-</span> 
     </span>
     <span class='ocr_line' id='line_1_13' title="bbox 1456 2126 4169 2267; baseline 0.001 -45"><span class='ocrx_word' id='word_1_75' title='bbox 1456 2126 1655 2224; x_wconf 89' lang='lat' dir='ltr'>titit</span> <span class='ocrx_word' id='word_1_76' title='bbox 1696 2158 1923 2228; x_wconf 91' lang='lat' dir='ltr'>ante</span> <span class='ocrx_word' id='word_1_77' title='bbox 1971 2126 2394 2224; x_wconf 89' lang='lat' dir='ltr'>seculum</span> <span class='ocrx_word' id='word_1_78' title='bbox 2422 2161 2490 2228; x_wconf 88' lang='lat' dir='ltr'>a</span> <span class='ocrx_word' id='word_1_79' title='bbox 2528 2159 2804 2262; x_wconf 85' lang='lat' dir='ltr'>partu</span> <span class='ocrx_word' id='word_1_80' title='bbox 2847 2126 3278 2262; x_wconf 82' lang='lat' dir='ltr'>Virginis</span> <span class='ocrx_word' id='word_1_81' title='bbox 3320 2126 3830 2267; x_wconf 84' lang='lat' dir='ltr'>quintum</span> <span class='ocrx_word' id='word_1_82' title='bbox 3903 2130 4169 2225; x_wconf 85' lang='lat' dir='ltr'>Nam</span> 
     </span>
     <span class='ocr_line' id='line_1_14' title="bbox 1458 2261 4169 2401; baseline 0.002 -40"><span class='ocrx_word' id='word_1_83' title='bbox 1458 2261 1894 2401; x_wconf 87' lang='lat' dir='ltr'>deinceps</span> <span class='ocrx_word' id='word_1_84' title='bbox 1958 2264 2434 2368; x_wconf 83' lang='lat' dir='ltr'>barbaries</span> <span class='ocrx_word' id='word_1_85' title='bbox 2483 2264 2900 2399; x_wconf 69' lang='lat' dir='ltr'>quaedam</span> <span class='ocrx_word' id='word_1_86' title='bbox 2945 2298 3256 2364; x_wconf 91' lang='lat' dir='ltr'>totum</span> <span class='ocrx_word' id='word_1_87' title='bbox 3300 2297 3760 2366; x_wconf 84' lang='lat' dir='ltr'>terrarum</span> <span class='ocrx_word' id='word_1_88' title='bbox 3827 2266 4169 2376; x_wconf 81' lang='lat' dir='ltr'>orbem</span> 
     </span>
     <span class='ocr_line' id='line_1_15' title="bbox 1455 2402 4165 2564; baseline 0.001 -64"><span class='ocrx_word' id='word_1_89' title='bbox 1455 2403 2003 2541; x_wconf 87' lang='lat' dir='ltr'>occupavit,</span> <span class='ocrx_word' id='word_1_90' title='bbox 2087 2402 2209 2503; x_wconf 73' lang='grc' dir='ltr'>δί</span> <span class='ocrx_word' id='word_1_91' title='bbox 2279 2404 2730 2564; x_wconf 82' lang='lat' dir='ltr'>quidquid</span> <span class='ocrx_word' id='word_1_92' title='bbox 2804 2404 3113 2540; x_wconf 89' lang='lat' dir='ltr'>postea</span> <span class='ocrx_word' id='word_1_93' title='bbox 3205 2403 3693 2503; x_wconf 79' lang='lat' dir='ltr'>mentoriae</span> <span class='ocrx_word' id='word_1_94' title='bbox 3762 2402 4165 2510; x_wconf 86' lang='lat' dir='ltr'>manda-</span> 
     </span>
     <span class='ocr_line' id='line_1_16' title="bbox 1456 2538 4164 2664; baseline 0 -24"><span class='ocrx_word' id='word_1_95' title='bbox 1456 2571 1673 2642; x_wconf 86' lang='lat' dir='ltr'>tum</span> <span class='ocrx_word' id='word_1_96' title='bbox 1725 2541 1918 2658; x_wconf 89' lang='lat' dir='ltr'>est,</span> <span class='ocrx_word' id='word_1_97' title='bbox 1987 2543 2103 2640; x_wconf 88' lang='lat' dir='ltr'>ab</span> <span class='ocrx_word' id='word_1_98' title='bbox 2171 2541 2576 2641; x_wconf 87' lang='lat' dir='ltr'>eruditis</span> <span class='ocrx_word' id='word_1_99' title='bbox 2618 2543 2855 2643; x_wconf 87' lang='lat' dir='ltr'>viris</span> <span class='ocrx_word' id='word_1_100' title='bbox 2893 2577 3098 2658; x_wconf 90' lang='grc' dir='ltr'>ιιοιι</span> <span class='ocrx_word' id='word_1_101' title='bbox 3138 2543 3660 2664; x_wconf 86' lang='lat' dir='ltr'>temnitur,</span> <span class='ocrx_word' id='word_1_102' title='bbox 3725 2538 3855 2640; x_wconf 85' lang='lat' dir='ltr'>est</span> <span class='ocrx_word' id='word_1_103' title='bbox 3897 2542 4164 2658; x_wconf 85' lang='lat' dir='ltr'>enim</span> 
     </span>
     <span class='ocr_line' id='line_1_17' title="bbox 1457 2678 4164 2803; baseline 0.003 -27"><span class='ocrx_word' id='word_1_104' title='bbox 1457 2679 1902 2780; x_wconf 69' lang='lat' dir='ltr'>maximae</span> <span class='ocrx_word' id='word_1_105' title='bbox 1956 2678 2463 2796; x_wconf 87' lang='lat' dir='ltr'>utilitatis,</span> <span class='ocrx_word' id='word_1_106' title='bbox 2532 2680 2693 2778; x_wconf 89' lang='lat' dir='ltr'>sed</span> <span class='ocrx_word' id='word_1_107' title='bbox 2764 2682 2886 2779; x_wconf 93' lang='lat' dir='ltr'>ob</span> <span class='ocrx_word' id='word_1_108' title='bbox 2955 2681 3559 2803; x_wconf 88' lang='lat' dir='ltr'>ruditatem,</span> <span class='ocrx_word' id='word_1_109' title='bbox 3658 2678 3778 2780; x_wconf 73' lang='lat' dir='ltr'>Sc</span> <span class='ocrx_word' id='word_1_110' title='bbox 3836 2678 4164 2782; x_wconf 78' lang='lat' dir='ltr'>barba·</span> 
     </span>
     <span class='ocr_line' id='line_1_18' title="bbox 1443 2791 4166 2941; baseline 0.003 -27"><span class='ocrx_word' id='word_1_111' title='bbox 1443 2816 1706 2941; x_wconf 63' lang='lat' dir='ltr'>‚siem</span> <span class='ocrx_word' id='word_1_112' title='bbox 1775 2851 1828 2915; x_wconf 89' lang='lat' dir='ltr'>a</span> <span class='ocrx_word' id='word_1_113' title='bbox 1897 2813 2466 2915; x_wconf 80' lang='lat' dir='ltr'>felicioribus</span> <span class='ocrx_word' id='word_1_114' title='bbox 2535 2791 2947 2917; x_wconf 70' lang='lat' dir='ltr'>aetatibus</span> <span class='ocrx_word' id='word_1_115' title='bbox 3030 2820 3164 2920; x_wconf 88' lang='lat' dir='ltr'>est</span> <span class='ocrx_word' id='word_1_116' title='bbox 3230 2817 3975 2939; x_wconf 83' lang='lat' dir='ltr'>secernendum,</span> <span class='ocrx_word' id='word_1_117' title='bbox 4046 2821 4166 2921; x_wconf 69' lang='grc' dir='ltr'>δί</span> 
     </span>
     <span class='ocr_line' id='line_1_19' title="bbox 1461 2955 4162 3089; baseline 0.003 -36"><span class='ocrx_word' id='word_1_118' title='bbox 1461 2955 1716 3055; x_wconf 86' lang='lat' dir='ltr'>inter</span> <span class='ocrx_word' id='word_1_119' title='bbox 1773 2955 2374 3089; x_wconf 82' lang='lat' dir='ltr'>antiquitates</span> <span class='ocrx_word' id='word_1_120' title='bbox 2463 2956 2764 3056; x_wconf 86' lang='lat' dir='ltr'>medii</span> <span class='ocrx_word' id='word_1_121' title='bbox 2831 2959 2999 3059; x_wconf 82' lang='lat' dir='ltr'>aevi</span> <span class='ocrx_word' id='word_1_122' title='bbox 3038 3033 3066 3076; x_wconf 92' lang='lat'>,</span> <span class='ocrx_word' id='word_1_123' title='bbox 3133 2989 3243 3057; x_wconf 89' lang='lat' dir='ltr'>ut</span> <span class='ocrx_word' id='word_1_124' title='bbox 3297 2992 3504 3059; x_wconf 89' lang='lat' dir='ltr'>mos</span> <span class='ocrx_word' id='word_1_125' title='bbox 3561 2959 3978 3059; x_wconf 86' lang='lat' dir='ltr'>obtinuit</span> <span class='ocrx_word' id='word_1_126' title='bbox 4026 2960 4162 3061; x_wconf 84' lang='lat' dir='ltr'>di-</span> 
     </span>
     <span class='ocr_line' id='line_1_20' title="bbox 1461 3091 4164 3230; baseline 0.003 -38"><span class='ocrx_word' id='word_1_127' title='bbox 1461 3126 1676 3194; x_wconf 88' lang='lat' dir='ltr'>cere</span> <span class='ocrx_word' id='word_1_128' title='bbox 1733 3170 1761 3215; x_wconf 94' lang='lat'>,</span> <span class='ocrx_word' id='word_1_129' title='bbox 1833 3091 2451 3195; x_wconf 86' lang='lat' dir='ltr'>referendum</span> <span class='ocrx_word' id='word_1_130' title='bbox 2489 3172 2511 3194; x_wconf 87' lang='lat'><strong>.</strong></span> <span class='ocrx_word' id='word_1_131' title='bbox 2583 3095 2958 3196; x_wconf 89' lang='lat' dir='ltr'>Omnia</span> <span class='ocrx_word' id='word_1_132' title='bbox 3014 3099 3266 3196; x_wconf 90' lang='lat' dir='ltr'>inter</span> <span class='ocrx_word' id='word_1_133' title='bbox 3357 3097 3735 3230; x_wconf 82' lang='lat' dir='ltr'>antiqua</span> <span class='ocrx_word' id='word_1_134' title='bbox 3820 3132 4164 3200; x_wconf 86' lang='lat' dir='ltr'>monu-</span> 
     </span>
     <span class='ocr_line' id='line_1_21' title="bbox 1441 3234 4160 3370; baseline 0.003 -40"><span class='ocrx_word' id='word_1_135' title='bbox 1441 3266 1798 3335; x_wconf 83' lang='lat' dir='ltr'>-menta</span> <span class='ocrx_word' id='word_1_136' title='bbox 1839 3309 1867 3352; x_wconf 91' lang='lat'>,</span> <span class='ocrx_word' id='word_1_137' title='bbox 1934 3235 2520 3335; x_wconf 85' lang='lat' dir='ltr'>numismata</span> <span class='ocrx_word' id='word_1_138' title='bbox 2563 3311 2590 3355; x_wconf 90' lang='lat'>,</span> <span class='ocrx_word' id='word_1_139' title='bbox 2694 3235 2812 3336; x_wconf 70' lang='lat'>8(</span> <span class='ocrx_word' id='word_1_140' title='bbox 2885 3269 3362 3335; x_wconf 87' lang='lat' dir='ltr'>marmora</span> <span class='ocrx_word' id='word_1_141' title='bbox 3431 3313 3459 3357; x_wconf 91' lang='lat'>,</span> <span class='ocrx_word' id='word_1_142' title='bbox 3524 3235 3644 3336; x_wconf 82' lang='lat'>&amp;</span> <span class='ocrx_word' id='word_1_143' title='bbox 3715 3234 4160 3370; x_wconf 87' lang='lat' dir='ltr'>frequen-</span> 
     </span>
     <span class='ocr_line' id='line_1_22' title="bbox 1435 3372 4164 3509; baseline 0.003 -40"><span class='ocrx_word' id='word_1_144' title='bbox 1435 3372 1705 3487; x_wconf 64' lang='lat' dir='ltr'>,tiora</span> <span class='ocrx_word' id='word_1_145' title='bbox 1779 3374 1998 3489; x_wconf 83' lang='lat' dir='ltr'>sunt</span> <span class='ocrx_word' id='word_1_146' title='bbox 2042 3436 2072 3487; x_wconf 86' lang='lat'>,</span> <span class='ocrx_word' id='word_1_147' title='bbox 2131 3372 2296 3473; x_wconf 81' lang='lat'>.&amp;</span> <span class='ocrx_word' id='word_1_148' title='bbox 2375 3408 2429 3472; x_wconf 84' lang='lat' dir='ltr'>a</span> <span class='ocrx_word' id='word_1_149' title='bbox 2491 3373 2879 3473; x_wconf 81' lang='lat' dir='ltr'>literatis</span> <span class='ocrx_word' id='word_1_150' title='bbox 2965 3377 3193 3474; x_wconf 88' lang='lat' dir='ltr'>viris</span> <span class='ocrx_word' id='word_1_151' title='bbox 3265 3375 3603 3509; x_wconf 87' lang='lat' dir='ltr'>majori</span> <span class='ocrx_word' id='word_1_152' title='bbox 3675 3374 4164 3497; x_wconf 84' lang='lat' dir='ltr'>sedulitate</span> 
     </span>
     <span class='ocr_line' id='line_1_23' title="bbox 1462 3510 4159 3644; baseline 0.002 -36"><span class='ocrx_word' id='word_1_153' title='bbox 1462 3544 1999 3644; x_wconf 83' lang='lat' dir='ltr'>quaeruntur</span> <span class='ocrx_word' id='word_1_154' title='bbox 2053 3586 2082 3630; x_wconf 92' lang='lat'>,</span> <span class='ocrx_word' id='word_1_155' title='bbox 2183 3510 2304 3611; x_wconf 74' lang='grc'>8(</span> <span class='ocrx_word' id='word_1_156' title='bbox 2382 3512 3084 3629; x_wconf 74' lang='lat' dir='ltr'>considerantur</span> <span class='ocrx_word' id='word_1_157' title='bbox 3148 3592 3169 3612; x_wconf 91' lang='lat'><strong>.</strong></span> <span class='ocrx_word' id='word_1_158' title='bbox 3272 3518 3440 3615; x_wconf 91' lang='lat' dir='ltr'>De</span> <span class='ocrx_word' id='word_1_159' title='bbox 3526 3516 4159 3631; x_wconf 75' lang='lat' dir='ltr'>marmoribus</span> 
     </span>
    </p>

    <p class='ocr_par' dir='ltr' id='par_1_6' title="bbox 1281 3647 4161 4070">
     <span class='ocr_line' id='line_1_24' title="bbox 1281 3647 4155 3777; baseline 0.003 -29"><span class='ocrx_word' id='word_1_160' title='bbox 1281 3765 1302 3777; x_wconf 37' lang='lat'><strong>·</strong></span> <span class='ocrx_word' id='word_1_161' title='bbox 1462 3649 1733 3749; x_wconf 80' lang='lat' dir='ltr'>nobis</span> <span class='ocrx_word' id='word_1_162' title='bbox 1773 3647 2376 3760; x_wconf 88' lang='lat' dir='ltr'>solummodo</span> <span class='ocrx_word' id='word_1_163' title='bbox 2439 3649 2752 3752; x_wconf 78' lang='lat' dir='ltr'>sermo</span> <span class='ocrx_word' id='word_1_164' title='bbox 2798 3651 2996 3772; x_wconf 79' lang='lat' dir='ltr'>est3</span> <span class='ocrx_word' id='word_1_165' title='bbox 3065 3652 3182 3752; x_wconf 91' lang='lat' dir='ltr'>de</span> <span class='ocrx_word' id='word_1_166' title='bbox 3221 3653 3949 3755; x_wconf 81' lang='lat' dir='ltr'>numismatibus</span> <span class='ocrx_word' id='word_1_167' title='bbox 3976 3653 4155 3757; x_wconf 82' lang='lat' dir='ltr'>hoc</span> 
     </span>
     <span class='ocr_line' id='line_1_25' title="bbox 1441 3782 4161 3917; baseline 0.004 -34"><span class='ocrx_word' id='word_1_168' title='bbox 1441 3818 1727 3917; x_wconf 19' lang='lat' dir='ltr'>„nunc</span> <span class='ocrx_word' id='word_1_169' title='bbox 1806 3782 2130 3887; x_wconf 82' lang='lat' dir='ltr'>dixiffe</span> <span class='ocrx_word' id='word_1_170' title='bbox 2200 3786 2715 3915; x_wconf 84' lang='lat' dir='ltr'>sufficiat,</span> <span class='ocrx_word' id='word_1_171' title='bbox 2781 3789 3251 3917; x_wconf 82' lang='lat' dir='ltr'>difficilius</span> <span class='ocrx_word' id='word_1_172' title='bbox 3320 3788 3504 3895; x_wconf 80' lang='lat' dir='ltr'>effe</span> <span class='ocrx_word' id='word_1_173' title='bbox 3577 3791 4161 3913; x_wconf 77' lang='lat' dir='ltr'>numismata</span> 
     </span>
     <span class='ocr_line' id='line_1_26' title="bbox 1433 3921 4155 4070; baseline 0.004 -48.131"><span class='ocrx_word' id='word_1_174' title='bbox 1433 3921 1778 4057; x_wconf 84' lang='lat' dir='ltr'>spuria</span> <span class='ocrx_word' id='word_1_175' title='bbox 1834 3959 1889 4024; x_wconf 91' lang='lat' dir='ltr'>a</span> <span class='ocrx_word' id='word_1_176' title='bbox 1929 3924 2248 4046; x_wconf 87' lang='lat' dir='ltr'>falfis,</span> <span class='ocrx_word' id='word_1_177' title='bbox 2320 3963 2600 4063; x_wconf 83' lang='lat' dir='ltr'>quam</span> <span class='ocrx_word' id='word_1_178' title='bbox 2680 3964 3156 4031; x_wconf 85' lang='lat' dir='ltr'>marmora</span> <span class='ocrx_word' id='word_1_179' title='bbox 3216 3931 3775 4070; x_wconf 85' lang='lat' dir='ltr'>distinguere</span> <span class='ocrx_word' id='word_1_180' title='bbox 3839 4007 3868 4051; x_wconf 91' lang='lat'>,</span> <span class='ocrx_word' id='word_1_181' title='bbox 3940 3930 4155 4068; x_wconf 76' lang='lat' dir='ltr'>quia</span> 
     </span>
    </p>

    <p class='ocr_par' dir='ltr' id='par_1_7' title="bbox 1349 4058 4155 4623">
     <span class='ocr_line' id='line_1_27' title="bbox 1349 4058 4150 4204; baseline 0.004 -47"><span class='ocrx_word' id='word_1_182' title='bbox 1349 4122 1358 4129; x_wconf 93' lang='lat'>-</span> <span class='ocrx_word' id='word_1_183' title='bbox 1459 4058 1822 4173; x_wconf 76' lang='lat' dir='ltr'>facilius</span> <span class='ocrx_word' id='word_1_184' title='bbox 1859 4062 1994 4162; x_wconf 88' lang='lat' dir='ltr'>est</span> <span class='ocrx_word' id='word_1_185' title='bbox 2035 4066 2523 4199; x_wconf 87' lang='lat' dir='ltr'>impostori</span> <span class='ocrx_word' id='word_1_186' title='bbox 2568 4068 2733 4167; x_wconf 88' lang='lat' dir='ltr'>illa</span> <span class='ocrx_word' id='word_1_187' title='bbox 2770 4068 3170 4189; x_wconf 87' lang='lat' dir='ltr'>cudere,</span> <span class='ocrx_word' id='word_1_188' title='bbox 3234 4106 3523 4204; x_wconf 87' lang='lat' dir='ltr'>qnam</span> <span class='ocrx_word' id='word_1_189' title='bbox 3559 4070 3727 4173; x_wconf 78' lang='lat' dir='ltr'>ista</span> <span class='ocrx_word' id='word_1_190' title='bbox 3752 4070 4150 4171; x_wconf 71' lang='lat' dir='ltr'>caedere.</span> 
     </span>
     <span class='ocr_line' id='line_1_28' title="bbox 1433 4199 4155 4357; baseline 0.002 -55.044"><span class='ocrx_word' id='word_1_191' title='bbox 1433 4199 1954 4327; x_wconf 86' lang='lat' dir='ltr'>Marmora</span> <span class='ocrx_word' id='word_1_192' title='bbox 2032 4232 2367 4305; x_wconf 88' lang='lat' dir='ltr'>tamen</span> <span class='ocrx_word' id='word_1_193' title='bbox 2434 4206 2742 4329; x_wconf 79' lang='lat' dir='ltr'>multa</span> <span class='ocrx_word' id='word_1_194' title='bbox 2817 4208 3163 4357; x_wconf 82' lang='lat' dir='ltr'>spurias</span> <span class='ocrx_word' id='word_1_195' title='bbox 3210 4209 3564 4327; x_wconf 87' lang='lat' dir='ltr'>habent</span> <span class='ocrx_word' id='word_1_196' title='bbox 3628 4208 4155 4347; x_wconf 84' lang='lat' dir='ltr'>inscriptio-</span> 
     </span>
     <span class='ocr_line' id='line_1_29' title="bbox 1429 4330 4148 4507; baseline 0.003 -67.102"><span class='ocrx_word' id='word_1_197' title='bbox 1429 4371 1700 4458; x_wconf 86' lang='lat' dir='ltr'>nes,</span> <span class='ocrx_word' id='word_1_198' title='bbox 1767 4372 1877 4440; x_wconf 90' lang='lat' dir='ltr'>ut</span> <span class='ocrx_word' id='word_1_199' title='bbox 1941 4374 2056 4441; x_wconf 81' lang='lat' dir='ltr'>ex</span> <span class='ocrx_word' id='word_1_200' title='bbox 2119 4330 2535 4467; x_wconf 76' lang='lat' dir='ltr'>Grutero</span> <span class='ocrx_word' id='word_1_201' title='bbox 2608 4378 2924 4507; x_wconf 84' lang='lat' dir='ltr'>patet,</span> <span class='ocrx_word' id='word_1_202' title='bbox 2992 4379 3091 4447; x_wconf 86' lang='lat' dir='ltr'>at</span> <span class='ocrx_word' id='word_1_203' title='bbox 3141 4348 3457 4461; x_wconf 87' lang='lat' dir='ltr'>nostra</span> <span class='ocrx_word' id='word_1_204' title='bbox 3492 4350 3900 4488; x_wconf 85' lang='lat' dir='ltr'>genuina</span> <span class='ocrx_word' id='word_1_205' title='bbox 3937 4382 4148 4448; x_wconf 78' lang='lat' dir='ltr'>om-</span> 
     </span>
     <span class='ocr_line' id='line_1_30' title="bbox 1429 4472 4152 4625; baseline 0.003 -48.08"><span class='ocrx_word' id='word_1_206' title='bbox 1429 4477 1702 4598; x_wconf 75' lang='lat' dir='ltr'>-nino</span> <span class='ocrx_word' id='word_1_207' title='bbox 1745 4472 2000 4597; x_wconf 79' lang='lat' dir='ltr'>esse,</span> <span class='ocrx_word' id='word_1_208' title='bbox 2067 4479 2188 4583; x_wconf 76' lang='grc' dir='ltr'>ὅζ</span> <span class='ocrx_word' id='word_1_209' title='bbox 2223 4483 2342 4617; x_wconf 80' lang='lat' dir='ltr'>ab</span> <span class='ocrx_word' id='word_1_210' title='bbox 2378 4487 2665 4616; x_wconf 86' lang='lat' dir='ltr'>omni</span> <span class='ocrx_word' id='word_1_211' title='bbox 2719 4483 2915 4586; x_wconf 87' lang='lat' dir='ltr'>fuci</span> <span class='ocrx_word' id='word_1_212' title='bbox 2950 4485 3482 4625; x_wconf 86' lang='lat' dir='ltr'>suspicione</span> <span class='ocrx_word' id='word_1_213' title='bbox 3526 4484 4152 4588; x_wconf 76' lang='lat' dir='ltr'>remotiffima</span> 
     </span>
    </p>
   </div>
   <div class='ocr_carea' id='block_1_3' title="bbox 1461 4600 4153 4766">
    <p class='ocr_par' dir='ltr' id='par_1_8' title="bbox 1461 4600 4153 4766">
     <span class='ocr_line' id='line_1_31' title="bbox 1461 4600 4153 4766; baseline 0.001 -45"><span class='ocrx_word' id='word_1_214' title='bbox 1461 4643 1664 4728; x_wconf 75' lang='lat' dir='ltr'>non</span> <span class='ocrx_word' id='word_1_215' title='bbox 1711 4600 2263 4742; x_wconf 85' lang='lat' dir='ltr'>dubitabit,</span> <span class='ocrx_word' id='word_1_216' title='bbox 2344 4625 2883 4766; x_wconf 84' lang='lat' dir='ltr'>quicunque</span> <span class='ocrx_word' id='word_1_217' title='bbox 2914 4627 3666 4755; x_wconf 82' lang='lat' dir='ltr'>‘animadvertet</span> <span class='ocrx_word' id='word_1_218' title='bbox 3746 4663 3860 4755; x_wconf 82' lang='lat' dir='ltr'>ea</span> <span class='ocrx_word' id='word_1_219' title='bbox 3928 4625 4153 4726; x_wconf 77' lang='lat' dir='ltr'>exti-</span> 
     </span>
    </p>
   </div>
   <div class='ocr_carea' id='block_1_4' title="bbox 2544 4745 4025 4923">
    <p class='ocr_par' dir='ltr' id='par_1_9' title="bbox 2544 4745 4025 4923">
     <span class='ocr_line' id='line_1_32' title="bbox 2544 4745 4025 4923; baseline 0.001 -28"><span class='ocrx_word' id='word_1_220' title='bbox 2544 4846 2585 4923; x_wconf 84' lang='lat'>:-</span> <span class='ocrx_word' id='word_1_221' title='bbox 2672 4840 2715 4897; x_wconf 59' lang='grc' dir='ltr'>,ι</span> <span class='ocrx_word' id='word_1_222' title='bbox 3821 4745 4025 4875; x_wconf 61' lang='lat' dir='ltr'>affe</span> 
     </span>
    </p>
   </div>
   <div class='ocr_carea' id='block_1_5' title="bbox 4378 81 4448 5692">
    <p class='ocr_par' dir='ltr' id='par_1_10' title="bbox 4378 81 4448 5692">
     <span class='ocr_line' id='line_1_33' title="bbox 4378 81 4448 5692; baseline 0 0"><span class='ocrx_word' id='word_1_223' title='bbox 4378 81 4448 5692; x_wconf 95' lang='lat' dir='ltr'> </span> 
     </span>
    </p>
   </div>
  </div>
 </body>
</html>
