4484 5850
2843 511 3017 599 107

515 721 776 806 Ortus
830 747 1028 836 ergo
1083 717 1192 807 est
1244 719 1632 836 Orpheus
1691 747 1888 808 ante
1939 720 2249 806 Troica
2295 739 2726 834 tempora.
2781 724 3129 810 Initium

393 863 665 926 autem
696 838 885 923 belli
917 838 1192 926 ultimi
1216 839 1561 950 Trojani
1586 839 1815 951 juxta
1835 838 2201 924 tabulam
2223 839 2694 924 Lambeccii
2725 841 3008 926 incidit
3036 843 3127 928 in

388 983 695 1041 annum
721 957 1010 1041 mundi
1032 961 2216 1048 CIDCIDIDCCLVII.ante
2237 960 2530 1042 AEram
2556 955 3123 1045 Christianam

384 1077 976 1162 CIDCXCIII.
996 1075 1396 1186 Lydiatus
1417 1079 1502 1161 in
1532 1081 1908 1161 Marmor
1932 1080 2003 1158 1.
2023 1074 2705 1160 Arundellianum
2732 1103 3128 1193 pag.25o.

380 1191 478 1276 ad
534 1219 850 1277 annum
907 1193 1190 1277 mundi
1216 1195 2466 1295 CIDCIDIDCCLXXXVH„
2525 1194 2603 1275 8(
2655 1219 2849 1279 ante
2875 1196 3130 1282 Chri-

375 1306 578 1393 stum
634 1313 1293 1398 CIDCCXLVI.
1327 1311 1658 1399 refert.
1737 1310 2128 1398 seldenus
2176 1341 2381 1396 vero
2443 1307 2546 1395 ad
2594 1339 2907 1396 annum
2973 1319 3123 1398 Pe-

379 1426 916 1543 riodiJuliani
972 1426 2074 1539 CIDCIDCCCCXCVI„
2127 1454 2322 1515 ante
2349 1431 2643 1514 AEram
2690 1431 3117 1546 vulgarem

379 1548 1090 1634 CIDCCXVIH.
1128 1552 1365 1664 Rege
1424 1546 2064 1656 Atheniensium
2135 1546 2622 1633 Menestheo
2680 1607 2710 1630 .
2762 1552 3123 1635 Newto·

376 1691 528 1748 nus
567 1723 596 1770 ,
659 1664 801 1777 qui
856 1692 1162 1750 novam
1231 1665 1723 1781 supputandi
1799 1668 2025 1751 viam
2073 1663 2823 1752 astronomicarum·
2857 1666 3119 1753 obser·
3161 1665 3195 1682 ”

371 1783 811 1867 vationum
850 1811 1010 1897 ope
1062 1782 1602 1900 indigitavit,
1657 1784 1923 1896 Trojae
1971 1782 2567 1870 subversionem
2631 1784 2735 1869 ad
2799 1811 3115 1872 annum

368 1923 566 1985 ante
599 1897 1023 1985 Christum
1058 1898 1367 1987 ‘nat‘um
1429 1905 1980 1990 DCCCCIV.
2027 1927 2355 1988 revocat
2383 1962 2412 1986 .
2466 1901 2625 1989 Sed
2668 1897 3110 1989 P.Souciet

368 2045 413 2102 e
460 2021 646 2103 Soc.
708 2016 891 2132 'Jesu
959 2021 1378 2105 Newtoni
1440 2020 2092 2137 chronologiam
2147 2019 2615 2106 subvertere
2668 2020 2930 2107 editis⁴
2969 2019 3118 2107 dis·

366 2132 953 2220 sertationibus
987 2163 1332 2222 conatus
1373 2136 1537 2223 est.
1595 2137 2053 2223 Videantur
2116 2140 2205 2221 in
2256 2137 2474 2221 hanc
2520 2167 2695 2222 rem
2754 2139 3119 2255 Scaliger

367 2252 463 2338 de
514 2253 944 2339 emendat.
988 2283 1174 2372 pag.
1220 2284 1366 2366 43.
1404 2258 1481 2337 8<
1525 2281 1670 2367 45.
1711 2257 2096 2342 Petavius
2136 2254 2238 2340 de
2288 2254 2545 2339 doftr.
2563 2278 2820 2368 temp.
2864 2256 3008 2340 lib.
3022 2283 3117 2360 9.·

366 2400 537 2487 cap.
619 2397 759 2480 27.
824 2371 1234 2483 Ufl'eriuS‚
1293 2377 1595 2490 aliique
1639 2434 1667 2459 .
1722 2371 2122 2460 Nostrum
2182 2374 2412 2459 enim
2474 2383 2644 2458 no‘n
2696 2372 2812 2458 est
2868 2375 3111 2459 litem

361 2490 584 2576 hanc
641 2490 1375 2604 impraesentiarum
1433 2493 1872 2579 dirimere.
3039 2495 3045 2501 ’

481 2730 772 2813 Natus
812 2725 925 2812 est
975 2730 1227 2845 igitur
1255 2730 1645 2846 Orpheus
1683 2756 1878 2816 ante
1937 2730 2269 2815 initium
2319 2728 2514 2814 belli
2570 2727 2916 2850 Troiani
2971 2758 3119 2813 an·

359 2873 474 2931 no
530 2850 965 2931 LXXVII.
1012 2854 1266 2933 Vetus
1304 2850 1470 2935 haec
1514 2847 1626 2935 est
1673 2878 2077 2936 annorum
2117 2846 2815 2946 numerandorui’n
2855 2850 3105 2959 ratio,

363 2992 516 3079 per
569 2991 857 3050 aetates
918 2966 1228 3080 septem
1307 2997 1716 3053 annorum
1786 2968 2140 3084 spatium
2208 2966 2897 3085 complecSlenteS.
2954 2970 3112 3050 Har

359 3099 652 3167 autern
723 3081 1097 3197 septenos
1165 3082 1484 3202 fingulae
1537 3113 1797 3173 annos
1853 3084 2615 3200 compleclebantur
2649 3145 2679 3190 ,
2735 3113 2839 3168 eo
2893 3083 3113 3198 quod

360 3199 684 3314 septem
755 3206 991 3286 annis
1040 3206 1500 3318 quamlibet
1558 3202 1846 3289 confici
1893 3227 2222 3287 aetatem
2295 3202 2740 3285 docuerint·
2787 3226 3123 3288 veteres¹

361 3317 821 3434 physiologi
871 3352 898 3434 ;
956 3351 1056 3407 eo
1107 3321 1324 3406 duffi
1365 3347 1906 3437 argumento,
1964 3319 2184 3434 quod
2227 3317 2397 3432 post
2446 3315 2884 3431 septimum
2933 3316 3111 3402 fere

357 3466 784 3553 quemque
838 3466 1143 3523 annum
1193 3440 1575 3525 articulos
1617 3437 2001 3552 quosdam
2039 3497 2072 3545 ,
2125 3438 2203 3519 8<
2248 3441 2334 3519 in
2385 3436 2517 3519 his
2554 3435 2861 3547 aliquid
2914 3438 3110 3519 novi

358 3581 665 3640 natura
711 3554 1162 3643 ostenderet
1202 3589 1233 3673 3
1287 3555 1818 3643 inde·fa<9tum
1844 3554 1953 3642 est
1977 3557 2234 3640 etiam
2272 3613 2306 3660 ‚
2359 3579 2454 3639 ut
2497 3553 2829 3638 cuilibet
2856 3555 3116 3661 aetati,

359 3673 528 3758 five
598 3670 1061 3788 septenario·
1127 3678 1460 3762 cuilibet
1530 3704 1932 3761 annorum
1986 3701 2391 3778 numero,
2452 3672 2875 3785 planetam
2923 3730 2956 3778 ,
3011 3699 3107 3756 ac

356 3794 648 3876 Deum
724 3793 1082 3907 aliquem
1158 3794 1560 3909 praefidere
1617 3792 2115 3880 crederent:
2173 3792 2252 3874 8<
2314 3788 2527 3903 apud
2577 3789 2959 3874 Plautum
3021 3793 3113 3872 in

358 3908 646 3994 Pseud.
703 3906 807 3993 sc.
869 3938 944 3994 1.
987 3942 1070 3995 v.
1111 3939 1247 3995 12.
1280 3916 1616 3998 tertiam
1641 3938 1976 3999 aetatem
2023 3909 2166 3994 sub
2186 3913 2509 3995 Venere
2547 3906 2769 3992 fuiffe
2795 3904 3119 4023 perspee

356 4026 590 4112 &um
641 4026 750 4113 est
780 4056 882 4113 ex
919 4030 1079 4116 hoc
1117 4035 1486 4147 carmine
1510 4090 1538 4115 .

571 4265 765 4349 'Sub
811 4268 1125 4352 Veneris
1167 4263 1458 4387 Regno
1487 4261 1830 4385 vapulo,
1888 4294 2044 4347 non
2056 4260 2202 4377 fich
2222 4266 2303 4375 J
2301 4258 2523 4346 ovis.

356 4499 594 4588 Vide
637 4504 1184 4591 Censorinum
1240 4503 1342 4592 de
1395 4503 1526 4590 die
1578 4501 1893 4589 natali.
